2459 3834
578 245 581 248 ,
802 185 951 240 Lm.
993 183 1061 237 Α.
1116 183 1390 236 tunm.
1504 177 1511 182 ’
1612 230 1626 241 χ
1849 165 1993 250 ςος

171 283 280 341 per
317 283 550 343 regnum
585 265 742 340 Jubae
766 267 962 337 facto,
1006 267 1204 338 copias
1242 280 1368 319 cum
1402 259 1674 334 ScipIone
1720 259 1997 331 partitus‚·

166 349 584 404 Adi-amentum
615 367 674 404 se
722 350 950 422 recipit.
996 347 1223 401 Interea
1254 363 1324 400 ex
1366 345 1612 399 secundo
1642 345 1987 410 commeatu,
2033 343 2113 404 44

166 433 334 501 quem
367 447 398 482 a
421 431 620 484 Sicilia
656 432 888 483 misera*
913 428 1172 482 Allienus
1195 465 1214 495 ,
1241 425 1404 479 navis
1439 439 1546 478 una
1569 459 1587 492 ,
1627 423 1686 475 in
1716 435 1826 494 qua
1856 419 1993 474 fue-

167 523 260 562 rat
301 507 372 582 Q.
407 507 704 564 Cominius
727 547 746 580 ,
795 521 854 564 et
886 507 951 562 L.
985 505 1191 561 Ticida
1221 521 1389 579 eques
1416 505 1699 572 Romanus
1722 540 1741 571 ,
1770 500 1842 554 ab
1888 514 1992 553 re·-

165 589 328 642 sidua
363 592 541 644 classe
587 605 714 642 cum
757 589 1065 640 erravisset
1093 624 1110 655 ,
1163 584 1467 656 delataque
1510 596 1658 637 esset
1713 593 1885 634 vento
1916 577 1991 633 ad

165 665 461 740 Thapsum
483 707 503 740 ‚
533 686 568 724 a
591 667 848 740 Virgilio
869 667 1098 737 scaphis
1121 704 1139 734 ,
1164 665 1551 737 naviculisque
1580 661 1853 717 actuariis
1876 675 1991 713 ex-

169 763 342 816 cepta
373 762 460 802 est
484 786 503 817 ,
541 764 600 802 et
655 749 728 802 ad
751 745 1078 817 Scipionem
1117 747 1381 798 deducta.
1425 743 1572 798 Item
1607 745 1790 796 altera
1818 738 1984 793 navis

169 827 428 881 triremis
456 843 528 881 ex
568 827 766 881 eadem
813 829 989 880 classe
1027 823 1348 878 errabunda
1374 862 1392 893 ‚
1432 839 1497 878 ac
1552 833 1897 891 tempestate
1926 820 1989 862 ⁷0

169 905 244 958 ad
297 905 656 979 AEgimurum
695 907 884 962 delata
913 945 933 976 ,
982 921 1016 958 a
1079 908 1259 958 classe
1317 903 1504 974 Vari,
1552 915 1611 956 et
1660 899 1741 954 M.
1792 896 1991 954 Octa-

171 985 260 1040 vii
304 1001 392 1041 est
443 1002 652 1060 capta,
680 987 738 1041 in
789 1003 896 1058 qua
931 985 1144 1039 milites
1186 985 1489 1053 veterani,
1516 997 1643 1036 eum
1699 996 1809 1034 uno
1838 997 1991 1034 cen-

171 1066 441 1136 turione,
482 1081 540 1120 et
587 1065 837 1120 nonnulli
884 1066 1099 1120 tirones
1147 1061 1412 1118 fuerunt:
1452 1079 1593 1137 quos
1642 1059 1830 1114 Varus
1889 1076 1991 1114 as-

170 1159 429 1201 servatos
456 1147 580 1201 sine
627 1145 970 1202 contumelia
991 1143 1349 1200 deducendos
1377 1144 1599 1198 curavit
1648 1141 1719 1196 ad
1752 1137 1991 1212 Scipio-

169 1239 320 1279 nem.
354 1223 510 1298 Qui,
559 1233 852 1298 postquam
877 1225 949 1278 ad
987 1241 1114 1278 eum
1143 1235 1521 1294 pervenerunt
1542 1261 1560 1292 ,
1590 1235 1647 1277 et
1679 1233 1814 1274 ante
1844 1236 1991 1294 sug-
2040 1215 2043 1220 ’

168 1319 392 1375 gestum
422 1304 539 1377 ejus
578 1309 992 1360 constiterunt:
1018 1343 1059 1376 „
1083 1303 1232 1358 Non‘
1270 1315 1495 1371 vestra,
1526 1304 1710 1378 inquit
1734 1341 1752 1371 ‚
1780 1314 1986 1372 sponte

167 1398 274 1438 vos
301 1395 462 1439 certo
511 1385 632 1440 scio
659 1424 678 1455 ,
725 1385 824 1440 sed
882 1383 1034 1438 illius
1074 1385 1340 1439 scelerati
1386 1383 1559 1438 vestri
1605 1380 1985 1454 Imperatoris

98 1461 106 1468 '
166 1461 410 1534 impulsu
434 1503 450 1532 ,
479 1477 539 1517 et
571 1465 812 1535 imperio
843 1479 1072 1519 coactos
1091 1502 1112 1534 ‚
1161 1464 1315 1518 cives
1340 1501 1358 1532 ‚
1388 1476 1446 1517 et
1474 1463 1754 1534 optimum
1786 1475 1989 1533 quem-

164 1557 274 1613 que
324 1541 550 1596 nefariae
590 1545 927 1598 consectari.
981 1541 1138 1616 Quos
1185 1543 1455 1617 quoniam
1486 1543 1715 1598 fortuna
1764 1540 1824 1595 in
1867 1556 1983 1596 no·-

165 1622 319 1674 trar'n
363 1623 572 1676 detulit
601 1635 1012 1695 potestatem,
1069 1624 1119 1677 si
1173 1623 1230 1675 icl
1256 1663 1274 1693 ,
1304 1624 1450 1696 quod
1502 1621 1693 1677 facere
1732 1619 1980 1691 debeti3‚

161 1697 598 1772 Rempublicam
649 1720 776 1758 cum
830 1704 1052 1778 optimo
1091 1718 1314 1778 quoque
1356 1701 1709 1771 defenditis„
1758 1713 1979 1754 certum

161 1795 250 1834 cst
283 1783 442 1837 vobis
473 1784 653 1837 vitam
678 1823 696 1854 ,
723 1795 782 1837 et
815 1783 1109 1855 pecuniam
1134 1784 1351 1858 donare
1376 1799 1389 1840 :
1418 1793 1769 1856 quapropter
1792 1818 1809 1849 ,
1836 1780 1975 1850 quid

157 1855 427 1916 sentiatis
457 1901 476 1932 ,
517 1863 1003 1935 proloquimini.“
1054 1862 1180 1916 Hac
1228 1862 1431 1917 habita
1478 1863 1743 1918 oratione
1773 1899 1797 1932 ,
1834 1855 1973 1914 Sci-
2014 1863 2090 1923 45

159 1939 453 2010 pi0,cum
495 1943 878 1998 existimasset
912 1955 1015 2014 pro
1056 1958 1156 1997 suo
1207 1941 1488 1998 beneficio
1532 1944 1656 1998 sine
1698 1939 1870 1994 dubio
1910 1939 1983 1994 ab

156 2017 234 2072 iis
281 2023 498 2092 gratias
527 2022 639 2076 sibi
680 2035 871 2076 actum
911 2023 1031 2092 iri,
1063 2034 1409 2094 potestatem
1446 2023 1520 2077 iis
1563 2020 1790 2076 dicendi
1818 2019 1979 2074 fecit.

155 2094 248 2151 Ex
278 2101 360 2154 eis
391 2097 671 2156 Centurio
712 2102 955 2174 legionis
985 2120 1101 2155 xxv.
1154 2141 1196 2171 „
1217 2101 1332 2158 Pro
1365 2115 1504 2173 tuo-‚
1552 2102 1736 2176 inquit
1768 2138 1787 2168 ,
1830 2115 1981 2154 sum·

157 2192 254 2231 mo
285 2178 560 2235 beneficio
582 2221 601 2252 ‚
625 2180 821 2252 Scipio
842 2219 861 2252 ,
895 2181 1254 2252 tibi'gratias
1280 2199 1390 2254 ago
1413 2220 1433 2251 ,
1470 2183 1488 2242 (
1521 2199 1630 2236 non
1675 2179 1829 2236 enim
1853 2179 1983 2233 Im-

161 2270 489 2326 peratorem
539 2273 598 2314 te
638 2262 908 2332 appello)
945 2261 1092 2331 quod
1125 2261 1273 2312 mihi
1316 2262 1500 2314 vitam
1534 2299 1552 2326 ,
1604 2261 1998 2314 incolumita-·

150 2344 380 2407 temque
412 2335 545 2390 belli
594 2337 716 2409 jure
744 2351 917 2410 capto
966 2339 1311 2410 polliceris3
1359 2353 1418 2394 et
1460 2338 1653 2394 forsan
1698 2339 1809 2402 isto
1842 2353 1982 2392 ute-

152 2415 612 2490 rer-beneficiO,
663 2417 710 2471 si
753 2434 862 2472 non
914 2419 966 2472 ei
1017 2434 1296 2474 summum
1336 2422 1517 2476 scelus
1556 2417 1979 2493 adjungeretur.

148 2490 351 2564 Egone
421 2507 622 2550 contra
682 2493 966 2551 Caesarem
1038 2497 1455 2569 Imperatorem
1524 2515 1710 2553 meum
1743 2538 1761 2566 ,
1828 2498 1980 2569 apud

145 2587 315 2644 quem
358 2574 617 2630 ordinem
664 2574 844 2646 duxi,
879 2576 1106 2650 ejusque
1135 2580 1451 2636 exercitum
1476 2617 1494 2647 ‚
1548 2597 1647 2649 pro
1693 2577 1844 2649 cujus
1875 2579 1978 2631 di·-

141 2652 414 2728 gnitate,
474 2654 830 2732 victoriaque
875 2658 1116 2732 amplius
1172 2675 1367 2716 xxxvx.
1414 2660 1580 2718 annis
1632 2657 1977 2732 depugnavi,

139 2873 195 2922 in
219 2883 440 2926 tractatu
473 2879 738 2929 maritimo
761 2916 774 2939 ‚
806 2881 888 2928 ubi
913 2889 1023 2929 tum
1089 2883 1295 2932 videtur
1335 2885 1637 2945 significare.

143 2941 308 3012 Caesar
357 2943 539 3010 agebat
584 2945 602 2995 )
653 2946 1022 2992 Adrumentum
1155 2962 1218 3006 70
1285 2946 1968 3006 AdAEgimurum.)1nsulam

141 3013 277 3050 recta
306 3006 388 3051 via
423 3009 598 3053 ferret.
631 3008 759 3054 Vide
787 3021 900 3069 quae
933 3021 1024 3056 su·
1087 3009 1140 3056 in
1166 3011 1571 3071 Carthaginiensi
1610 3012 1737 3058 sinu.
1796 3010 1969 3056 Livius

139 3075 236 3122 ‘pra
289 3069 354 3114 ad.
383 3069 506 3117 Caes.
557 3072 611 3116 B.
656 3072 766 3118 civ.
797 3081 907 3131 cap.
941 3083 1023 3130 14.
1088 3087 1207 3121 xxx.
1235 3086 1320 3135 24.
1378 3082 1673 3136 AEgymurus
1721 3076 1873 3120 sinum
1909 3077 1968 3118 ab

140 3136 262 3172 sect.
289 3133 366 3185 38.
394 3133 698 3181 notavimus.
751 3139 848 3179 Aut
880 3134 1023 3192 Jubae
1085 3141 1188 3184 alto
1228 3141 1411 3186 claudit
1436 3174 1450 3198 ‚
1496 3144 1543 3186 in
1585 3155 1669 3198 qno
1694 3144 1807 3191 =sita
1841 3143 1970 3182 Car·

141 3198 355 3250 regnum
384 3205 530 3252 supra
567 3197 886 3254 provinciam
916 3199 1022 3246 Ro-
1087 3204 1232 3256 thago
1262 3212 1338 3247 est
1366 3216 1379 3248 ε
1428 3206 1636 3260 triginta
1657 3205 1813 3253 ferme
1851 3202 1969 3245 mil-

135 3259 404 3299 manorum
421 3256 646 3304 Afrlcam
670 3259 719 3304 ln
747 3270 921 3306 austro
943 3272 1024 3304 us·
1087 3267 1154 3308 lia
1187 3267 1245 3309 ab
1284 3268 1425 3324 urbe,
1452 3268 1625 3313 Graecc
1655 3265 1966 3323 Αἰγίμουρος

135 3326 237 3386 que
261 3317 325 3360 ad
359 3329 498 3390 mar-e
515 3322 738 3378 syrtium
765 3325 1023 3382 prolatum
1086 3325 1318 3374 Straboni
1342 3362 1358 3388 ,
1414 3329 1672 3390 Αἱγίμρος
1714 3363 1728 3388 ,
1788 3329 1965 3376 Ptole-

133 3375 237 3452 fuit
255 3393 272 3425 ε
300 3380 435 3438 quod
461 3383 591 3432 lafra
613 3399 658 3435 c.
687 3397 770 3446 30.
785 3398 906 3435 sect.
939 3397 1021 3447 77.
1087 3390 1232 3440 maeo-
