2459 3834
467 126 628 226 ⁴⁷⁶
671 226 800 339 A.
875 152 1477 339 ΗΙΒΙΤΠ
1553 144 2097 337 PANSAE

799 467 1947 556 COMMENTARIORUM

515 668 742 776 DE
817 669 1339 777 BELLO
1433 659 2235 777 AFRICANO

835 893 1315 979 LIBER
1456 886 1909 977 UNus.

821 1032 830 1043 ⁹
1129 1094 1517 1155 CAPUT
1602 1092 1653 1153 Ῑ.
1994 1006 2007 1017 .

457 1252 664 1315 Cesar
691 1257 772 1313 ad
793 1256 1116 1331 Liijhaeun
1143 1266 1558 1327 commoratur,
1584 1265 1935 1329 exspectans
1952 1263 2293 1327 tempesta-

459 1346 582 1395 tem
601 1338 682 1393 ad
695 1339 1088 1415 navigandum
1107 1338 1385 1395 idoneam.
1398 1336 1485 1394 ihi
1504 1338 1577 1393 de
1598 1353 1829 1393 numm
1844 1334 2129 1408 copim
2141 1332 2293 1391 Sci·

491 1416 692 1490 pionis
721 1419 1041 1495 cognoscit,
1059 1418 1196 1473 inde
1213 1418 1295 1473 ad
1318 1417 1563 1473 insulam
1580 1417 1949 1488 Apo-iam
1969 1412 2250 1487 appellit,

746 1499 1058 1576 statimque
1081 1498 1146 1554 in
1163 1508 1525 1570 conspectum
1552 1494 1797 1569 Africae
1824 1496 2013 1551 venit.

544 1584 833 1729 Cesar,
863 1659 890 1693 ¹
933 1657 1239 1715 itineribus
1262 1655 1429 1731 justis
1464 1655 1795 1727 confectis,
1840 1656 1997 1711 nullo
2036 1652 2133 1709 die
2178 1656 2291 1711 in-

456 1738 766 1809 termisso,
813 1738 888 1793 ad
915 1755 1038 1793 xxv.
1087 1738 1215 1793 Kal.
1244 1737 1483 1808 januar.
1532 1735 1594 1791 in
1636 1735 1953 1807 Lilybaeum
1994 1737 2289 1807 pervenit:

455 1816 662 1871 statim
689 1817 944 1875 ostendit
966 1857 988 1889 ‚
1011 1834 1134 1873 sese
1175 1833 1349 1873 naves
1377 1818 1528 1871 velle
1558 1815 1943 1872 conscendere
1960 1852 1984 1884 ,
2010 1829 2139 1868 eum
2168 1832 2289 1871 non

453 1896 702 1967 amplius
731 1897 1016 1971 legionem
1045 1898 1303 1954 tironum
1326 1896 1563 1951 haberet
1592 1911 1759 1953 uuam
1777 1934 1801 1966 ,
1824 1894 2157 1968 equitesque
2180 1896 2289 1952 vix

453 1990 546 2029 nc.
578 1973 1030 2031 'sabernaculum
1073 1976 1381 2033 secundum
1406 1977 1547 2031 litus
1572 1976 1761 2049 ipsum
1786 1973 2095 2029 constituit
2130 2012 2153 2045 ,
2212 1988 2281 2032 ut

455 2068 640 2125 prope
661 2053 866 2111 fluctus
891 2056 1246 2112 verberaret.
1294 2056 1427 2112 Hoc
1452 2071 1524 2111 eo
1548 2054 1793 2113 consilio
1818 2052 2001 2125 fecit,
2028 2069 2103 2109 ne
2148 2056 2281 2126 quis

456 2130 567 2187 sibi
609 2150 779 2189 morae
815 2134 1122 2210 quidquam
1151 2135 1280 2193 fot-e
1306 2148 1608 2208 speraret,
1632 2146 1693 2191 et
1721 2146 1784 2189 ut
1805 2149 2000 2189 omnes
2036 2133 2100 2188 iu
2126 2134 2278 2209 dies,

455 2210 739 2286 horasque
779 2215 968 2286 parati
997 2230 1206 2272 essent.
1264 2215 1482 2271 Incidit
1510 2232 1612 2289 per
1640 2215 1703 2270 id
1732 2224 1993 2285 tempus,
2020 2226 2087 2267 ut
2126 2226 2279 2269 tem-

455 2305 708 2365 pestates
735 2294 808 2349 ad
841 2294 1224 2370 navigandum
1244 2294 1481 2352 idoneas
1506 2311 1621 2351 nou
1650 2293 1908 2352 haberet.
1934 2288 2141 2349 Nihilo
2168 2306 2277 2351 ta·-

455 2387 592 2429 meu
621 2372 806 2429 miuus
844 2375 908 2430 iu
947 2376 1184 2431 navibus
1211 2375 1501 2449 remiges,
1527 2374 1857 2446 militesque
1875 2371 2191 2445 continere,
2208 2388 2278 2433 et

456 2454 672 2507 nullam
737 2455 1176 2525 praetermittere
1229 2455 1587 2511 occasionem
1654 2452 2033 2527 profectionis
2078 2492 2099 2525 ‚
2143 2470 2275 2512 cum

457 2531 776 2602 praesertim
815 2532 887 2589 ab
938 2533 1145 2590 ineolis
1203 2532 1323 2605 ejus
1364 2534 1671 2606 provinciae
1716 2533 2114 2590 nuntiarentur
2160 2534 2279 2589 ad-

457 2610 845 2667 versariorum
892 2613 1071 2686 eopiae
1103 2652 1125 2685 ,
1165 2614 1455 2686 equitatus
1510 2612 1773 2669 infinitus
1796 2652 1817 2683 ,
1872 2614 2123 2687 legiones
2168 2631 2277 2671 re-

459 2688 568 2763 giae
597 2706 720 2761 nn,
759 2691 904 2747 levis
942 2705 1244 2749 armatura
1284 2708 1489 2767 magua
1534 2694 1627 2749 vis
1645 2732 1665 2764 ,
1695 2690 1985 2765 Scipionis
2028 2693 2283 2766 legiones

457 2785 514 2825 x.
539 2808 558 2838 ,
605 2768 898 2844 elephanti
925 2788 1054 2829 cxx.
1076 2812 1097 2845 ,
1137 2772 1457 2846 classesque
1510 2789 1635 2828 esse
1674 2776 2013 2845 complures.
2059 2770 2277 2830 Tamen

457 2864 574 2904 non
614 2850 1049 2923 deterrebatur,
1078 2853 1419 2924 animoque,
1448 2862 1511 2907 et
1555 2868 1657 2925 spe
1708 2850 2047 2908 confidebat.
2098 2850 2275 2906 Inte-

456 2928 570 2983 rim
629 2930 690 2984 in
738 2928 861 2987 dies
903 2944 969 2987 et
1028 2948 1202 2988 naves
1250 2934 1429 3004 longae
1484 2930 1761 3005 adaugeri
1804 2972 1823 3003 ,
1880 2943 1942 2985 et
1995 2932 2273 2988 onerariae

457 3011 779 3081 complures
807 3010 1008 3067 eodem
1041 3027 1383 3068 concurrere
1404 3050 1425 3081 ,
1456 3025 1519 3067 et
1552 3013 1809 3086 legiones
1838 3012 2088 3067 tironum
2120 3028 2275 3069 con-

455 3089 701 3147 venire:
733 3089 794 3145 in
854 3091 945 3147 his
999 3102 1273 3147 veterana
1315 3090 1469 3165 legio
1492 3110 1548 3145 v.
1569 3130 1590 3163 ,
1624 3092 1885 3165 equitum
1912 3089 1983 3146 ad
2012 3109 2081 3147 11.
2130 3092 2277 3147 mil-

521 3242 547 3278 1
617 3234 717 3278 ltin
689 3246 774 3279 nre
775 3235 878 3278 iusb
947 3236 1103 3292 justis
1168 3250 1247 3283 eo
1221 3237 1335 3285 nfe—
1398 3233 1665 3281 timum&
1637 3248 1709 3290 ,vus
1728 3234 1775 3279 in
1750 3236 1907 3282 nsulae
1932 3241 2107 3283 contra
2133 3234 2279 3283 Afri-

453 3296 546 3341 tin
571 3293 594 3347 )
647 3298 740 3342 Per
771 3294 976 3343 ltaliam
1011 3298 1067 3344 iu
1091 3297 1228 3345 sicin
1215 3310 1338 3354 am,
1398 3310 1514 3344 cam
1543 3314 1591 3345 ε
1574 3310 1618 3345 <t
1650 3296 1928 3357 oppidum,
1950 3310 2004 3346 et
2032 3312 2277 3361 promon-

452 3364 510 3401 et
541 3368 700 3417 usque
728 3354 1048 3421 Lilybaeum‚
1086 3362 1219 3421 quod
1252 3363 1339 3408 ul·
1402 3362 1606 3409 terium.
