2459 3834
158 19 191 21 v-—
194 17 343 25 w—
348 19 379 24 --

737 67 844 122 DE
896 63 1471 126 BELLomSPAR.
1804 66 1953 150 575

131 163 448 236 „spectare
465 191 488 227 ,
513 148 694 210 etiam
719 165 970 223 sperare.
1013 148 1141 205 Ibat
1173 160 1451 222 praeterea
1480 143 1792 222 Hispanias
1830 167 1960 206 am-

133 235 440 314 „biendo,
495 244 560 290 ut
619 233 743 303 ipse
780 228 1056 302 dicebat,
1109 228 1388 284 civitates
1430 243 1657 284 suarum
1704 231 1957 301 partium

132 357 180 392 „
196 312 597 372 conservando.
657 309 859 384 Itaque
911 307 1195 380 Hispalim
1237 308 1400 363 venit
1418 347 1439 379 ,
1476 320 1789 382 contraque
1848 322 1956 367 ur·-

127 395 330 471 „bem-
359 393 420 449 in
457 391 680 449 oliveto
715 399 908 444 castra
936 387 1144 460 posuit.
1187 385 1329 442 Inde
1368 387 1552 460 alias,
1592 400 1763 462 atque
1810 389 1956 447 alias

49 536 53 541 ,
133 474 358 548 „.adiit.
403 472 497 530 Ad
539 483 858 526 extremum
907 465 1134 522 Mundae
1183 465 1488 539 substitit,
1538 482 1706 542 quam
1746 484 1958 543 supre-

130 593 177 629 „
197 553 302 611 mis
326 551 582 609 cladibus
621 548 739 624 ejus
777 547 1008 602 fortuna
1048 546 1362 618 delegerat.
1404 545 1495 603 Eo
1522 559 1583 603 et
1623 545 1812 604 Caesar
1852 565 1957 605 ve-

125 635 278 711 „nit
300 670 324 704 ,
372 642 686 703 contraque
733 623 1062 698 Pompejum
1111 637 1303 681 castra
1330 637 1579 682 metatus
1618 639 1724 684 est.
1768 625 1958 686 Pom-

127 751 176 790 „
198 713 346 787 pejus
377 709 587 770 Fausto
615 707 926 779 scripserat
947 738 967 775 ,
996 703 1093 779 qui
1116 741 1135 774 ,
1165 717 1440 779 quantum
1469 704 1639 762 datur
1680 708 1957 784 intelligi,

141 830 184 866 ,‚
203 792 354 846 intra
382 785 656 861 oppidum
685 797 812 842 erat
830 822 852 857 ,
871 781 1153 842 Caesarem
1195 783 1445 840 mediam
1484 786 1545 852 in
1567 787 1774 842 vallem
1804 791 1957 848 noue

133 907 180 946 2,
199 869 580 939 descendere,
626 867 774 940 quod
819 855 1104 920 exeicitus
1144 864 1231 919 sui
1275 879 1480 937 magna
1524 879 1655 938 pars
1706 866 1957 925 tironum

138 987 182 1023 „
201 959 366 1004 esset.
418 945 558 1020 Quae
607 945 789 1002 literae
832 942 997 999 miris
1040 943 1226 999 modis
1275 941 1690 1016 oppidanorum
1735 945 1956 1012 animos

135 1066 180 1102 „
197 1025 554 1083 attollebant.
593 1022 819 1098 Cupide
855 1021 1010 1078 enim
1051 1037 1178 1096 spes
1218 1023 1505 1095 arripiunt
1546 1039 1741 1080 omnes
1789 1041 1955 1082 mor-

133 1144 179 1182 „
202 1108 384 1179 tales3
423 1107 603 1162 etiam
632 1121 702 1160 ea
731 1101 842 1159 sibi
881 1099 1104 1176 fingunt
1134 1102 1367 1174 animis,
1394 1119 1513 1176 quae
1544 1119 1649 1159 nec
1678 1119 1820 1179 esse,
1849 1121 1963 1165 nec.

135 1224 180 1260 ‚,
200 1182 324 1242 fieri
359 1201 518 1258 posse
541 1191 908 1258 cognoscunt.
923 1180 1070 1237 Tam
1097 1179 1264 1237 dulce
1294 1193 1382 1238 est
1406 1199 1519 1240 non
1542 1182 1731 1238 dicam
1760 1200 1959 1257 spera·

131 1303 181 1339 2,
200 1282 281 1338 re,
319 1265 420 1321 sed
447 1265 728 1338 cogitare,
756 1278 876 1337 quae
906 1260 1216 1316 delectant.
1242 1259 1413 1334 Quod
1442 1261 1596 1318 enim
1626 1262 1955 1335 impossibi-

133 1381 180 1418 ,‚
198 1347 276 1400 lia
303 1355 625 1416 sperentur,
646 1358 758 1399 non
789 1340 1072 1415 intelligo.
1103 1337 1375 1415 Cogitari
1403 1351 1594 1397 autem
1628 1355 1864 1415 possunt
1890 1359 1959 1400 o-

13 1415 18 1438 ’
43 1479 48 1486 ,
131 1445 180 1496 ·,,
201 1423 370 1478 mnia.
395 1421 551 1478 Dum
577 1439 638 1479 se
663 1423 748 1478 sic
779 1419 1213 1494 Pompejus,„sic
1242 1420 1387 1477 alios
1414 1421 1693 1478 solaretur
1713 1461 1735 1494 ,
1762 1434 1824 1478 et
1852 1423 1971 1496 inm⁸
2042 1455 2045 1460 -

133 1538 183 1574 ,‚
202 1503 357 1576 genti
381 1541 400 1573 ,
431 1513 702 1576 quantum
733 1490 987 1557 arbit‘ror
1010 1535 1032 1572 ,
1079 1500 1471 1558 sollicitudine
1501 1501 1751 1574 agitatus
1770 1541 1791 1574 ,
1818 1516 1957 1560 ma·-

131 1597 310 1655 „gna
340 1596 502 1654 parte
533 1582 720 1638 no'ctis
766 1579 1068 1636 instructis
1095 1591 1283 1636 staret
1310 1579 1577 1636 aciebus:
1608 1577 1831 1654 Caesar,
1864 1599 1957 1640 ne-

131 1661 316 1730 „scio
346 1676 591 1735 quonam
642 1661 755 1718 iter
803 1672 1032 1717 acturus
1050 1697 1072 1730 ,
1124 1659 1332 1715 castris
1372 1659 1790 1734 egrediebatur.
1843 1657 1958 1720 eui

131 1755 324 1810 „cum
371 1752 558 1797 status
589 1741 840 1797 hostium
883 1739 1175 1795 nuntiatus
1202 1749 1395 1810 esset,
1445 1739 1757 1810 constitit,
1806 1755 1956 1797 con-—

129 1819 497 1893 „stituitque
547 1821 751 1875 aciem.
811 1816 1167 1874 Concursum
1217 1829 1309 1874 est
1364 1818 1586 1894 magnis
1646 1818 1783 1874 hinc
1822 1819 1958 1876 inde

128 1933 176 1968 „
193 1899 536 1955 clamoribus
557 1935 576 1970 ‚
625 1899 726 1954 sed
779 1897 1086 1970 majoribus
1134 1898 1346 1954 animis
1367 1933 1387 1972 ,
1437 1896 1824 1954 ineffabilibus
1879 1915 1959 1956 o·-

127 2011 177 2048 ,‚
194 1975 306 2032 diis
325 2017 346 2050 ,
385 1989 554 2052 atque
584 1978 878 2034 immensis
900 2016 921 2049 ,
954 1989 1371 2052 pugnatumque
1398 1978 1657 2048 acriter,
1686 1993 1755 2033 ac
1780 1981 1960 2052 perti·

124 2056 458 2129 „na’citer,
515 2070 576 2113 et
617 2056 655 2126 ·(
679 2057 828 2132 quod
888 2072 1032 2130 pene
1083 2059 1406 2130 pudendum
1457 2056 1673 2113 dixeris
1702 2057 1960 2116 humana

126 2170 176 2206 „
195 2134 534 2211 fragilitatis
565 2137 883 2214 indicium)
925 2153 1198 2211 nusquam
1227 2135 1443 2195 Caesari
1472 2151 1569 2192 aut
1600 2153 1727 2192 cum
1757 2137 1956 2194 hosti-

125 2249 174 2286 „
195 2213 298 2270 bus
319 2254 338 2287 ‚
367 2229 466 2271 aut
498 2233 626 2272 cum
659 2216 882 2272 civibus
913 2227 1034 2270 tam
1063 2231 1275 2288 anceps
1304 2227 1541 2272 eventus
1562 2256 1583 2288 ,
1623 2230 1956 2274 extr-emove

119 2329 172 2366 „
195 2295 452 2366 periculo
503 2296 736 2367 propius
767 2312 858 2352 res
907 2293 1056 2351 fuit:
1108 2293 1305 2368 Usque
1336 2295 1478 2351 adeo
1511 2307 1570 2351 ut
1620 2295 1811 2363 (sicut
1841 2299 1961 2352 ele-

120 2408 176 2445 ‚,
196 2367 535 2447 gantissime
564 2375 652 2430 ait
681 2373 918 2446 Florus)
949 2377 1114 2446 plane
1144 2375 1443 2429 videretur
1468 2373 1665 2442 ,nescio
1694 2375 1830 2450 quid
1859 2377 1960 2433 de-

117 2452 444 2525 „liberare
477 2453 740 2510 fortuna:
794 2453 972 2508 etiam
1002 2453 1139 2526 quid
1170 2454 1329 2516 aliud
1362 2469 1491 2510 rear
1512 2493 1531 2524 ,
1578 2454 1689 2509 nisi
1711 2490 1732 2526 ,
1781 2472 1851 2511 an
1883 2473 1961 2512 a-

119 2567 174 2603 2,
195 2532 408 2587 micum
458 2549 620 2588 suum
649 2550 822 2606 usque
873 2532 933 2586 in
965 2529 1136 2594 finem
1188 2546 1319 2588 rara
1359 2533 1538 2588 etiam
1588 2533 1698 2588 sibi
1732 2551 1961 2607 prorsus

116 2610 432 2682 „insolita
463 2609 576 2668 fide
607 2613 978 2669 comitaretur
1000 2651 1021 2684 ‚
1051 2629 1124 2666 an
1153 2629 1223 2668 eo
1252 2625 1511 2668 extremo
1535 2613 1649 2686 jam
1677 2617 1823 2671 calle
1858 2615 1961 2670 de·

121 2703 456 2762 „seren-et,
501 2692 571 2747 ad
617 2693 792 2747 alium
844 2687 1168 2748 transiret?
1219 2689 1519 2765 Tantaque
1551 2693 1668 2746 haec
1718 2691 1961 2751 fortuna

109 2803 166 2841 2,
191 2769 512 2828 declinatio
533 2811 553 2844 ,
583 2783 702 2826 tam
731 2773 1021 2841 diuturna,
1056 2783 1120 2826 ut
1150 2771 1304 2825 inter
1336 2787 1525 2826 moras
1554 2771 1738 2843 praelii
1757 2811 1780 2844 ,
1810 2790 1961 2830 neu-

115 2857 348 2921 „tram
398 2852 461 2905 in
509 2864 732 2924 partem
781 2851 1095 2906 inclinante
1125 2848 1417 2921 victoria,
1453 2867 1584 2904 >cum
1630 2849 1745 2924 jam
1788 2865 1961 2910 vete-

115 2963 166 2999 2,
188 2945 331 2984 rana
381 2932 483 2986 illa
534 2931 788 2985 militum
837 2947 1033 2985 manus
1084 2943 1173 2985 tot
1206 2929 1446 3002 probata
1488 2931 1756 2986 victoriis
1782 2929 1960 2997 (Cae-

118 3042 168 3078 ,‚
191 3009 346 3065 saris
393 3010 574 3067 oculis
624 3010 906 3065 insuetum
958 3009 1245 3081 dedecus)
1296 3010 1506 3064 sensim
1558 3009 1967 3087 retrofugerct,

117 3124 170 3160 „
192 3103 304 3142 nec
333 3091 638 3163 quominus
668 3091 854 3162 palam
886 3088 1110 3163 fugeret
1131 3125 1152 3160 ,
1200 3101 1323 3144 tam
1352 3089 1572 3144 virtute
1595 3125 1617 3161 ,
1639 3083 1961 3165 'quampu-

57 3195 62 3202 ·
115 3205 168 3239 2,
190 3165 338 3221 dore
369 3182 660 3226 teneretur
697 3169 892 3243 (quod
925 3185 1207 3242 nunquam
1236 3180 1374 3222 ante
1407 3169 1568 3224 illum
1619 3170 1775 3226 diem
1805 3171 1962 3228 fece·

17 3313 32 3324 ,
115 3284 168 3323 ,‚
189 3250 334 3321 rat)
378 3247 642 3341 dubitare
669 3246 860 3306 Caesar
891 3248 1136 3324 coeperit
1154 3286 1177 3322 ‚
1203 3260 1401 3324 atque
1428 3247 1699 3310 diffidere
1714 3289 1739 3333 ,
1779 3254 1958 3310 etiam
