2459 3834
836 79 1340 135 tasonem».
1741 116 1746 123 .
1858 89 2006 172 593

142 168 345 244 piant
379 162 445 223 E
474 164 649 221 litera
680 164 1033 219 terminata:
1064 162 1197 217 huic
1222 158 1497 234 animali,
1523 172 1600 221 et
1613 161 1686 219 ab
1717 164 1827 224 hoc
1857 175 2001 228 ani..

152 250 366 319 mali,
388 246 522 302 huic
551 243 784 319 puteali.
816 239 1043 299 Charis.
1073 241 1114 297 l.
1158 258 1207 297 t.

295 326 599 421 ‘Aplustrm
631 321 906 379 Omnium
938 323 1273 393 nominum,
1321 340 1441 397 quae
1481 337 1616 380 sunt
1651 329 1835 383 neutri
1893 350 2009 405 ge-

156 407 385 477 ner-is,
416 418 475 461 et
506 405 565 459 in
600 402 663 457 E
696 401 1075 456 terminantur
1096 438 1117 471 ,
1147 402 1232 455 ait
1257 400 1518 473 Plinius,
1548 404 1830 462 Caesarem
1855 414 2011 466 scis-

158 502 235 544 ce
274 486 506 543 eosdem
551 499 675 539 esse
711 481 1039 552 ablativos,
1065 484 1260 554 quales
1297 496 1428 541 sunt
1459 486 1647 540 dativi
1678 488 2013 561 singulares.

162 566 416 623 Charis.
456 564 499 620 Ι.
531 580 579 618 1.
1986 608 1994 628 ‹

305 643 440 700 AR
490 642 680 697 literis
709 626 943 697 nomina
988 640 1274 695 neutralia
1319 642 1632 697 terminata
1682 646 1770 700 ait
1799 643 2016 720 Caesar,

156 726 338 797 quod
368 722 610 791 dativo,
653 734 711 775 et
740 720 1001 777 ablativo
1036 720 1157 791 pari
1184 718 1310 793 jure
1349 719 1698 795 funguntur.
1754 739 1814 780 ut
1861 726 2018 783 idem

158 802 417 858 Plinius
439 801 661 856 scribit.
686 799 917 857 Charis.
950 799 993 855 I.
1028 816 1074 853 ι.

304 882 499 953 Jubar.
534 880 749 935 Plinius
778 880 905 950 ait,
954 879 1108 933 iuter
1138 891 1344 935 caetera
1387 880 1566 936 etiam
1616 883 1769 939 istud
1811 882 2018 942 Caesa-

163 978 310 1017 rem
350 960 573 1016 dedisse
618 972 959 1033 praeceptum
981 998 999 1029 ,
1029 959 1179 1031 quod
1212 972 1414 1015 neutra
1455 961 1686 1016 nomina
1717 962 1884 1019 AR
1903 983 2024 1021 no·-

162 1041 469 1097 minativo
502 1043 693 1095 clausa
714 1078 733 1109 ,
765 1055 861 1110 per
892 1038 914 1092 i
955 1038 1215 1093 dativum
1239 1078 1258 1110 ,
1289 1039 1718 1113 ablativumque
1752 1043 2019 1117 singula-

166 1136 279 1175 res
312 1119 655 1177 ostendant.
687 1118 720 1189 J
732 1118 863 1172 ubar
900 1128 1091 1173 tamen
1112 1154 1133 1188 ,
1169 1130 1229 1173 et
1272 1117 1388 1175 Far
1425 1120 1498 1173 ab
1533 1120 1640 1175 hac
1673 1125 1866 1195 regula
1897 1126 2020 1180 dis-

162 1200 406 1258 sidere:
441 1214 570 1255 nam
611 1197 745 1252 huic
782 1196 965 1271 jubari
989 1197 1258 1269 dicimus,
1285 1199 1379 1253 ab
1389 1198 1500 1255 hoc
1526 1199 1766 1274 jubare,
1792 1216 1854 1259 et
1885 1204 2048 1309 huic‘

168 1278 371 1349 farri,
400 1279 471 1335 ab
506 1278 616 1332 hoc
648 1275 821 1332 farre.
868 1274 1094 1333 Charis.
1140 1275 1182 1331 Ι.
1222 1295 1272 1333 ι.
1972 1322 1984 1331 .

307 1319 397 1413 A'c
439 1372 508 1411 ne
557 1356 657 1411 illa
690 1356 845 1411 ratio
877 1368 1109 1426 recepta
1141 1368 1272 1427 est,
1308 1374 1478 1429 quam
1507 1355 1700 1415 Caesar
1744 1362 1908 1432 ponit
1957 1362 2021 1419 in

170 1437 523 1511 femininis,
554 1449 614 1491 ut
650 1436 928 1508 puppim,
959 1435 1201 1505 restim,
1235 1437 1492 1507 pulvim:
1526 1436 1635 1493 boc
1657 1439 1816 1493 enim
1844 1450 2018 1499 modo

170 1530 245 1572 et
269 1516 341 1571 ab
372 1516 479 1571 hoc
508 1515 677 1585 cani,
706 1528 767 1569 et
798 1514 869 1569 ab
912 1516 1023 1569 hoc
1054 1512 1476 1570 cane.Lbarae's.
1521 1515 1660 1571 1.·1.
1779 1566 1784 1576 ,

308 1593 519 1651 Tribus
542 1594 623 1649 111
648 1593 896 1667 Junctis,
928 1593 1110 1666 qualis
1144 1605 1331 1665 posset
1369 1595 1592 1665 syllaba
1628 1594 2022 1667 pronuntiari?

178 1690 323 1730 nam
348 1687 697 1747 postremum
738 1672 764 1725 1
798 1688 910 1746 pro
940 1670 1130 1727 vocali
1170 1672 1563 1758 recipiendum
1587 1712 1606 1744 ,
1643 1676 1798 1747 quod
1819 1675 2022 1733 Caesa-

175 1755 240 1809 ri
262 1756 409 1809 artis
429 1751 839 1809 Grammaticae
868 1749 1209 1805 doctissimo
1243 1736 1536 1821 placitum*
1545 1752 1720 1809 fuisse
1743 1772 1778 1812 a
1803 1755 2018 1813 Victo-

176 1850 269 1889 re
284 1849 507 1906 quoque
546 1833 607 1885 in
638 1842 767 1884 arte
790 1827 1195 1885 Grammatica
1218 1828 1291 1884 de
1319 1831 1563 1903 syllabis
1577 1834 2025 1930 comprobatus.

180 1911 483 1967 Prircian
520 1907 746 1964 liba-1.

307 1988 363 2043 V
412 1990 539 2046 loco
562 1987 934 2044 consonantis
966 1984 1152 2060 posita
1176 1976 1436 2047 eamdem
1473 2005 1702 2061 prorsus
1731 1992 1790 2045 in
1819 1992 2026 2050 omni·-

174 2068 289 2125 bus
318 2069 437 2124 vim
466 2067 665 2124 habuit
690 2070 839 2141 apud
876 2067 921 2123 Ι
922 2069 1113 2125 atinus
1129 2108 1152 2141 ,
1191 2074 1362 2143 q'uam
1393 2070 1540 2142 apud
1565 2070 1763 2144 AEoles
1793 2072 2022 2146 digam-

176 2164 278 2202 ma
306 2146 398 2219 F,
432 2164 535 2221 pro
573 2165 685 2221 quo
712 2144 903 2203 Caesar
935 2148 1085 2204 hane
1115 2146 1356 2221 figuram
1407 2148 1455 2203 F
1503 2150 1760 2205 scribere
1811 2148 2022 2209 voluit·

178 2227 336 2299 quod
376 2227 637 2299 quamvis
695 2226 785 2283 iiii
819 2238 978 2279 recte
1014 2226 1197 2280 visum
1241 2240 1372 2297 est,
1417 2239 1612 2280 tamen
1663 2231 2020 2285 consuetudo

176 2307 421 2377 antiqua
453 2305 769 2376 superavit.
818 2302 1005 2359 Prisc.
1057 2302 1099 2357 Ι.
1140 2320 1191 2357 ι.
2007 2338 2028 2343 μ

306 2383 442 2438 Haec
470 2383 639 2455 pollis
668 2382 935 2454 pollinis:
964 2382 1051 2439 sic
1080 2378 1403 2437 Charisius.
1447 2380 1666 2439 Probus
1695 2395 1926 2457 autem,
1963 2398 2025 2443 et

180 2458 418 2531 Caesar,
460 2462 571 2517 boc
603 2465 789 2533 pollen
824 2460 1059 2533 pollinis
1096 2452 1554 2517 declinaverunt.
1581 2463 1773 2519 Prisc.
1805 2465 1852 2519 Ι.
1881 2466 1940 2521 6.

312 2538 595 2597 Praeterea
625 2538 816 2595 Caesar
835 2539 1131 2613 declinat,
1162 2540 1327 2612 pubis
1361 2540 1624 2613 puberis.
1658 2542 1905 2617 Probus,
1921 2562 2025 2620 pu·

192 2616 292 2674 bes
327 2620 581 2691 puberis.
611 2618 845 2693 quidam
876 2618 1051 2693 puber
1078 2619 1326 2691 puberis.
1354 2620 1546 2677 Prisc.
1574 2622 1620 2677 l.
1639 2624 1699 2678 6.

312 2696 592 2771 Quamvis
629 2694 820 2753 Caesar
846 2716 956 2755 non
990 2700 1302 2773 incongrue
1346 2700 1589 2773 protulit
1609 2718 1720 2757 ens
1757 2714 1795 2757 a
1844 2702 2026 2759 verbo

196 2792 359 2850 sum,
390 2794 485 2848 es,
514 2790 620 2833 est.
664 2776 857 2834 Prisc.
893 2776 1057 2833 l.18.
1503 2812 1507 2816 -

312 2858 440 2914 Hoc
476 2858 699 2927 lutum,
728 2870 901 2931 atque
927 2858 1227 2913 macellum
1263 2856 1541 2931 singulari
1571 2856 1731 2913 exire
1765 2874 2027 2915 memen-

194 2947 301 3012 to,
347 2937 487 2993 licet
526 2934 790 3013 Ennius,
836 2938 951 2992 ista
994 2940 1235 2993 macella
1267 2938 1474 3009 dicat,
1525 2949 1588 2992 et
1627 2935 1820 2993 Cesar
1874 2942 2017 2998 luta.

196 2976 307 3075 Ex
336 3013 545 3089 Capro.

311 3094 640 3167 Lacrumae,
666 3112 743 3152 an
771 3096 1111 3167 Lacryuue,
1140 3075 1470 3165 ma'xumus,
1499 3110 1572 3151 an
1601 3094 1896 3153 Maximus
1917 3137 1938 3168 ‚
1959 3113 2025 3153 et

200 3174 251 3231 si
290 3190 407 3247 quae
450 3177 665 3231 similia
694 3190 874 3247 sunt,
894 3178 1069 3231 scribi
1111 3175 1355 3229 debeant
1378 3214 1398 3246 ,
1423 3175 1740 3248 quse-situm.
1793 3176 2026 3231 Teren-

202 3252 315 3309 tius
346 3252 533 3313 Varro
558 3256 859 3326 tradidit,
898 3253 1180 3311 Caesarem
1214 3272 1314 3325 per
1341 3254 1384 3311 1
1397 3255 1692 3334 ejusmodi-
1729 3256 1904 3310 verba
1932 3272 2027 3314 so·
2072 3300 2074 3304 .

198 3332 364 3391 litum
390 3335 516 3391 ‘esse
541 3334 839 3393 enuntiate
860 3372 885 3408 ,
922 3347 985 3391 et
1031 3334 1332 3408 scribere,
1309 3322 1518 3467 ,i'ndle
1550 3346 1782 3407 propter
1813 3348 2028 3391 aucto-
2085 3368 2092 3375 -

1515 3429 1557 3487 P
