2459 3834
444 97 597 175 442
854 110 956 165 ιιι
994 114 1234 173 neem
1280 117 1838 179 Am-:xmmmo

1047 273 1103 338 c
1130 276 1183 335 A
1212 276 1262 333 Ρ
1284 278 1342 335 U
1369 278 1428 335 Τ
1503 282 1672 346 vm.

438 420 781 503 Descriptio
809 429 921 487 loci
947 430 1132 509 illius,
1159 437 1223 491 in
1253 454 1412 515 quem
1443 439 1581 499 Rex
1597 458 1664 500 se
1681 414 1942 520 ret-epist
1969 446 2028 505 is
2047 450 2284 523 milites

479 522 611 563 suos
638 508 830 567 mittit
844 552 862 581 ,
892 521 957 567 ut
980 530 1103 570 cum
1133 513 1368 575 caesare
1398 520 1694 584 dimicent..
1716 526 1946 583 Hostes
1950 524 2237 608 fugiunt.

798 588 994 649 Caerar
1024 596 1104 657 ad
1130 596 1329 685 Regu
1355 611 1554 663 castra
1583 606 1902 670 contendit,

517 671 925 807 Consederat
952 769 1078 809 cum
1107 758 1291 830 copiis
1305 760 1434 816 Rex
1459 764 1588 819 loco
1618 775 1820 821 natura
1849 766 2099 839 munito,
2119 769 2280 843 quod

438 838 565 881 erat
594 829 717 901 ipsa
748 834 1022 890 excelsior
1066 838 1122 880 4¹
1162 840 1402 907 planitie
1432 858 1503 897 ex
1531 844 1788 901 omnibus
1835 848 2098 917 partibus
2127 850 2280 905 sub-

432 902 601 977 jecta.
658 908 865 967 Tribus
914 926 1105 969 autem
1152 933 1224 971 ex
1272 920 1542 976 lateribus
1589 925 1769 979 variis
1813 943 2023 999 genere
2066 930 2272 985 muni-

438 985 691 1043 tionibus
742 992 1054 1064 tegebatnr.
1107 994 1296 1051 Unum
1336 1002 1485 1055 latus
1532 1016 1659 1057 erat
1707 1004 1989 1078 objectum
2043 1006 2274 1064 flumini

440 1062 624 1137 Ni1o;
674 1072 913 1126 alterum
942 1074 1274 1135 editissimo
1309 1079 1436 1135 loco
1467 1080 1699 1140 ductum
1724 1123 1744 1154 ‚
1795 1096 1860 1139 ut
1901 1096 2126 1159 partem
2156 1106 2272 1143 ca·-

323 1150 401 1207 29
442 1158 689 1203 atrorum
721 1151 1053 1223 obtineret3
1098 1158 1331 1211 tertium
1365 1162 1564 1231 palude
1593 1163 1952 1236 cingebatur,
1993 1164 2115 1221 Iter
2155 1184 2274 1223 ca-

430 1240 553 1281 stra
588 1228 799 1303 Regis,
848 1246 908 1286 et
938 1231 1178 1290 Caesaris
1219 1237 1334 1293 iter
1361 1238 1568 1295 flumen
1614 1242 2010 1306 intercedebat
2059 1263 2262 1322 angu-

432 1316 582 1363 stum
609 1349 627 1378 ,
675 1311 969 1373 altissimis
1019 1313 1198 1386 ripis,
1238 1318 1387 1387 quod
1436 1319 1496 1372 in
1538 1318 1738 1375 Nilum
1789 1322 2081 1380 influebat.
2121 1326 2264 1381 Ab·

430 1400 557 1443 erat
589 1400 777 1445 autem
822 1392 891 1445 ab
923 1392 1099 1464 Regis
1137 1397 1342 1451 castris
1371 1399 1553 1454 millia
1587 1416 1843 1469 passuum
1873 1404 2112 1466 circiter
2147 1425 2264 1463 vn.

430 1464 598 1537 Rex,
647 1485 773 1524 cum
834 1472 943 1527 hoc
994 1470 1205 1529 itinere
1261 1478 1460 1533 venire
1519 1477 1800 1542 Caesarem
1859 1486 2261 1557 comperisset,

378 1612 385 1621 ι
432 1549 751 1620 equitatum
808 1566 1074 1621 omnem,
1130 1557 1534 1631 expeditosque
1592 1560 1844 1615 delectos
1904 1564 2123 1634 pedites
2183 1566 2263 1621 ad

313 2661 393 2723 30

431 1626 497 1683 id
542 1628 747 1684 flumen
802 1631 1002 1703 misit,
1060 1634 1158 1703 qui
1219 1638 1460 1697 transitu
1515 1636 1799 1700 Caesarem
1859 1642 2260 1715 prohiberent,

432 1720 495 1763 et
543 1711 761 1766 eminus
811 1714 869 1755 4²
914 1728 984 1767 ex
1030 1714 1175 1784 ripis
1226 1716 1476 1785 praelium
1527 1719 1714 1790 impar
1745 1719 1978 1785 inirent.
2011 1722 2259 1782 Nullum

416 1790 585 1843 -enim
621 1807 938 1863 processum
980 1792 1164 1847 virtus
1204 1792 1488 1861 habebat,
1542 1812 1641 1853 aut
1682 1801 1992 1873 periculum
2025 1803 2260 1874 ignavia

432 1869 678 1925 subibat.
727 1869 867 1943 Quae
916 1888 1005 1926 res
1058 1872 1316 1929 incendit
1365 1876 1562 1940 dolore
1605 1879 1820 1941 milites
1845 1920 1871 1951 ‚,
1925 1878 2262 1956 equitesque

430 1964 697 2020 nostr-ost,
750 1952 897 2023 quod
960 1952 1179 2007 tamdiu
1243 1952 1363 2027 pari
1419 1957 1614 2029 praelio
1671 1974 1798 2013 curn
1850 1956 2260 2018 Alexandrinis

428 2042 767 2087 certaretur.
807 2030 1005 2104 Itaque
1042 2034 1242 2095 eodem
1295 2046 1552 2105 tempore
1581 2038 1802 2109 equites
1831 2036 2112 2095 Germani
2153 2042 2260 2095 di-

426 2111 609 2177 spersi
660 2111 804 2165 vada
859 2111 1109 2167 fluminis
1154 2122 1509 2187 quaerentes»,
1571 2116 1782 2189 partim
1831 2118 2253 2182 dimissioribus

427 2190 572 2260 ripis
620 2190 829 2249 fiumen
880 2205 1282 2263 transnatant,
1323 2208 1384 2253 et
1425 2196 1762 2269 legionarii,
1815 2199 2038 2272 magnis
2071 2200 2257 2256 arbo·-

427 2268 583 2327 ribus
632 2272 837 2329 excisis
863 2310 883 2341 ,
941 2289 1061 2345 quae
1113 2274 1474 2346 longitudine
1524 2287 1820 2350 utramque
1868 2278 2053 2349 ripam
2106 2296 2256 2335 con-

427 2350 761 2424 tingerent,
813 2352 1077 2425 projectis
1099 2392 1117 2423 ,
1169 2354 1579 2428 repentinoque
1608 2372 1816 2428 aggere
1847 2356 2056 2432 injecto
2079 2399 2100 2430 ‚
2142 2358 2256 2415 flu·—

429 2444 559 2484 men
612 2434 975 2487 transierunt.
1026 2430 1280 2505 Quorum
1323 2434 1597 2505 impetum
1637 2436 1780 2492 adeo
1841 2438 2258 2510 pertimuerunt

428 2507 662 2581 hostes,
707 2524 763 2564 ut
798 2512 855 2564 in
888 2511 1031 2585 fuga„
1050 2528 1207 2585 spem
1241 2514 1438 2569 salutis
1477 2510 1830 2571 collocat-'ent
1853 2556 1873 2587 ,
1909 2519 2008 2573 sed
2039 2518 2257 2575 id'fru-

431 2600 591 2647 stra:
644 2604 883 2665 namque
920 2608 991 2647 ex
1038 2608 1106 2647 ea
1156 2591 1286 2666 fuga
1338 2593 1500 2663 pauci
1548 2594 1619 2649 ad
1649 2594 1867 2669 Regem
1909 2596 2259 2671 refugerunt,

434 2685 577 2742 pene
635 2670 790 2725 omni
844 2671 1064 2745 reliqua
1114 2672 1486 2728 multitudine
1535 2672 1864 2730 interfecta.
1927 2673 2156 2748 Caesar,
2197 2694 2258 2733 re

432 2750 863 2823 preclarissime
908 2764 1116 2826 gesta,
1164 2766 1296 2810 cum
1339 2752 1586 2811 subitum
1626 2752 1936 2812 adventum
1965 2772 2123 2811 suum
2159 2753 2260 2828 ju·-

492 2961 559 3011 41
627 2947 891 3002 Planitie.)
944 2950 1203 3009 Juugerm.
1251 2953 1304 2997 et
1428 2960 1498 3009 42
1560 2954 1646 2999 Ex
1673 2952 1798 3008 ripis
1812 2951 2030 3021 praliym
2059 2949 2258 3023 impar.)

428 3012 641 3061 Goduln.
662 3016 863 3071 planitie
884 3044 898 3067 ‚
926 3012 989 3059 de
1012 3023 1109 3070 qua
1132 3009 1304 3059 fbrma
1367 3011 1601 3061 Caesar-iis
1638 3012 1838 3071 impar,
1879 3024 1996 3073 quia
2037 3012 2256 3063 editiore

426 3076 495 3125 ad
524 3091 571 3124 1..
594 3089 633 3124 1.
662 3074 774 3123 Civ·
806 3088 847 3123 c.
878 3082 959 3121 πο.
983 3080 1103 3122 sect.
1130 3086 1197 3133 43
1220 3073 1304 3121 di·
1365 3073 1478 3121 loeo
1517 3074 1641 3137 regii
1679 3075 1882 3123 stabant
1911 3088 1930 3133 ς
1957 3076 2258 3125 Caesarianis

426 3139 614 3187 ximus.
642 3140 747 3185 Hoc
774 3139 883 3184 luco
912 3135 1118 3191 caeteri,
1148 3136 1310 3185 etiam
1367 3146 1548 3207 xautem
1591 3147 1645 3185 et
1685 3151 1802 3186 cum
1833 3138 1976 3187 hoste
2005 3172 2020 3196 ,
2055 3147 2107 3186 et
2140 3152 2256 3188 cum

428 3210 533 3249 vet.
574 3204 696 3246 ven.
723 3203 1042 3258 planitie,seu
1060 3203 1310 3259 planities,
1371 3212 1526 3251 amne
1548 3200 1717 3259 simul,
1739 3200 1781 3247 si
1807 3200 2025 3251 transite
2051 3202 2257 3275 veilent,

428 3262 530 3310 alia
565 3262 697 3311 facta
751 3261 1008 3322 incisione,
1034 3258 1156 3315 huie
1187 3275 1311 3317 vero
1373 3263 1706 3328 pugnandum
1743 3271 1873 3315 erat.

428 3332 599 3381 nostra
628 3323 960 3386 praeferenda.

2441 700 2459 732 <
