2459 3834
1910 9 1913 11 ,
1964 7 2336 23 --.w-ww·-

334 88 490 164 430
545 169 549 177 ‚
744 87 845 142 DE
896 87 1137 140 Βειιο
1186 87 1749 144 ALEXANDRINO

1000 246 1050 307 c
1072 246 1126 306 A
1148 247 1195 307 P
1218 248 1274 306 U
1297 233 1349 306 Τ
1409 251 1530 310 1v.

329 417 740 483 Alexandrini
770 435 953 477 naves
980 415 1254 490 reficiunt
1274 461 1294 492 ‚
1325 405 1678 500 classemqu'e
1707 431 1989 496 reparant
2006 433 2170 495 ,at-

329 520 437 582 que
465 503 546 558 ad
587 516 788 556 novum
816 497 1141 572 caristia-eum
1170 517 1236 558 se
1267 505 1608 576 expediunt.
1649 499 1937 575 Refertur
1963 521 2158 562 nume·

390 601 490 641 rus
520 580 751 636 navium
782 577 1037 638 Caesaris
1064 597 1130 640 se
1160 582 1239 636 ad
1259 593 1518 662 pugnam
1551 586 1850 658 parantis.
1883 584 2095 643 Naves

727 662 1012 740 utrimque
1044 661 1107 719 in
1146 663 1348 720 ordine
1389 663 1762 724 collocantur.

408 761 553 884 Eo
580 821 939 881 detrimento
967 821 1113 880 adeo
1155 834 1294 880 sunt
1335 823 1511 883 fracti
1561 823 1983 898 Alexandrini,
2033 842 2166 884 cum

320 917 452 961 ‘non
502 906 617 980 jam
670 904 893 958 virtute
925 917 1416 978 propugnatorum
1440 945 1460 976 ,
1507 908 1606 961 sed
1635 901 1696 942 ³⁶
1719 906 1968 962 scientia
1999 909 2167 965 cias·-

322 985 632 1042 siariorutn
686 1001 745 1040 se
793 984 983 1039 victos
1034 984 1386 1042 viderent....
1421 987 1480 1030 ¹⁷
1521 985 1723 1060 quibus
1769 998 1835 1040 et,
1885 988 2166 1058 superio-

319 1065 481 1122 ribus
552 1065 695 1121 locis
742 1064 1185 1121 sublevabantur
1237 1104 1258 1137 ,
1313 1078 1377 1120 ut
1446 1065 1546 1122 vix
1606 1063 1868 1123 aedificiis
1919 1066 2158 1124 defendi

320 1157 595 1218 possent,
624 1157 684 1202 et
714 1144 1021 1202 mater-iam
1052 1157 1324 1200 cunctam
1349 1143 1668 1220 objicerent
1691 1184 1714 1218 ,
1753 1145 1904 1219 quod
1937 1137 2152 1203 nostre

322 1228 491 1282 classi
522 1225 1009 1298 oppugnationem
1042 1224 1219 1280 etiam
1261 1224 1334 1278 ad
1387 1239 1604 1282 terram
1645 1227 2008 1286 verebantur.
2061 1228 2160 1285 Ii-

308 1304 451 1362 ·dern
474 1346 494 1379 ‚
546 1319 911 1380 posteaquam
962 1302 1338 1375 Ganymedes
1388 1305 1448 1360 in
1482 1305 1730 1364 concilio
1759 1303 2158 1380 confirmavit,

318 1403 443 1443 sese
507 1399 569 1441 et
638 1401 777 1456 eas,
826 1403 946 1458 quae
1016 1397 1208 1442 essent
1266 1384 1531 1458 amissae,
1586 1385 2036 1458 imitaturum,
2093 1401 2158 1444 et:

317 1483 619 1524 numerum
659 1465 1034 1524 adaucturum
1058 1505 1078 1536 ‚
1128 1481 1336 1540 magna
1383 1483 1526 1547 spe,
1566 1479 1630 1522 et
1670 1463 1881 1542 fiducia
1925 1480 2156 1524 veteres

318 1546 559 1604 reficere
602 1562 777 1622 nave-s
801 1585 821 1617 ,
866 1545 1302 1620 accuratiusque
1355 1544 1490 1601 huic
1531 1546 1617 1602 rei
1657 1547 1888 1603 studere
1912 1586 1931 1618 ‚
1973 1560 2154 1621 atque

315 1627 604 1684 :inservire
632 1626 1029 1684 instituerunt.
1072 1623 1161 1681 Ac
1180 1665 1200 1698 ,
1250 1627 1484 1684 tametsi
1513 1627 1760 1701 amplius
1789 1645 1875 1682 cx.
1911 1627 2150 1684 navibus

316 1710 507 1782 longis
560 1707 620 1762 in
667 1719 876 1778 portu,
921 1706 1332 1780 navalibusque
1381 1707 1739 1777 amiserant,
1789 1724 1900 1763 non
1953 1720 2142 1762 tamen

2213 834 2308 877 12

314 1787 645 1861 reparandae
690 1787 889 1842 classis
926 1787 1346 1860 cogitationem
1407 1788 1808 1860 deposuerunt.
1858 1786 2144 1842 videbant
2225 1791 2231 1795 '

312 1870 469 1923 enirn
522 1885 633 1924 non
684 1867 911 1923 auxilia·
948 1863 1207 1938 Caesari,
1261 1883 1374 1924 non
1426 1879 1778 1923 commeatus
1821 1867 2151 1941 supportari

311 1963 523 2021 posse,
554 1949 605 2003 si
633 1947 817 2002 classe
847 1946 958 2018 ipsi
991 1949 1272 2002 valerent.
1315 1946 1600 2005 Praeterea
1634 1947 1850 2006 nautici
1885 1948 2151 2003 homines

308 2039 373 2084 et
404 2028 559 2086 urbis
581 2058 607 2098 ‚-
630 2039 691 2081 et
742 2026 995 2103 regionis
1047 2027 1354 2082 maritimae
1376 2067 1396 2099 ,
1425 2015 1768 2102 quotidiano
1799 2043 1897 2085 usu
1927 2045 1960 2082 a
1995 2045 2152 2100 pue-

304 2109 395 2164 ris
426 2106 733 2167 exercitati
757 2107 829 2163 ad
864 2108 1124 2162 naturale
1144 2145 1164 2178 ,
1194 2123 1262 2164 ac
1302 2107 1686 2164 domesticum
1726 2107 1935 2162 bonum
1983 2108 2153 2164 refu-

310 2203 449 2264 gere
478 2187 826 2264 cupiebant,
854 2199 915 2242 et
954 2199 1231 2260 quantum
1273 2188 1526 2260 parvulis
1575 2187 1824 2260 navigiis
1867 2187 2152 2260 profecis-

308 2285 439 2326 sent
464 2310 484 2344 ,
524 2263 869 2329 sentiebant.
902 2265 1105 2341 Itaque
1134 2269 1290 2324 omni
1323 2267 1516 2324 studio
1545 2268 1616 2322 ad
1652 2268 1962 2341 parandam
1992 2271 2154 2325 clas-

297 2359 433 2406 ‘sem
482 2351 882 2408 incubuerunt.
937 2347 1125 2404 Erant
1166 2349 1430 2414 omnibus
1477 2349 1648 2405 ostiis
1697 2347 1826 2405 Nili
1875 2349 2150 2422 custodiae

306 2431 579 2506 exigendi
612 2430 861 2502 portorii
912 2445 1082 2483 causa
1134 2429 1448 2502 dispositae„
1479 2428 1680 2484 Naves
1712 2440 1938 2485 veteres
1981 2442 2153 2486 erant

306 2511 369 2566 in
414 2512 659 2568 occultis
705 2508 877 2584 regiae
920 2508 1218 2564 navalibus
1238 2547 1258 2580 ,
1289 2508 1499 2582 -quibus
1523 2507 1718 2566 multis
1743 2509 1910 2564 annis
1934 2509 2011 2563 ad
2047 2525 2151 2563 ua-

306 2591 618 2668 vigandum
662 2606 773 2646 non
816 2603 985 2646 erant
1014 2587 1123 2644 usi.
1153 2588 1276 2644 Has
1309 2587 1690 2659 reficiebant3
1731 2589 1863 2643 illas
1892 2587 2151 2644 Alexan·

304 2675 493 2733 driam
536 2669 904 2728 revocabant.
949 2667 1211 2724 Deerant
1256 2669 1441 2723 remi:
1483 2669 1778 2746 porticus,
1821 2671 2147 2742 gymnasia,

302 2753 552 2820 aedificia
587 2752 812 2826 publica
844 2749 1191 2823 detegebant
1219 2765 1234 2804 ε
1267 2765 1483 2804 asseres
1516 2765 1802 2804 remorum
1835 2765 1991 2804 usum
2024 2749 2140 2805 ob-

308 2836 594 2896 tinebant.
644 2829 822 2888 Aliud
872 2830 1152 2886 naturalis
1203 2830 1482 2901 solertia,
1532 2828 1688 2884 aliud
1753 2829 1908 2884 urbIs
1960 2831 2132 2902 copia

300 2913 797 2978 subministrabat.
874 2909 1176 2968 Postremo
1239 2926 1355 2969 non
1416 2913 1648 2986 longam
1708 2909 2144 2984 navigationem

336 3098 359 3134 1
372 3086 402 3135 6
426 3080 635 3132 seientia
648 3071 1044 3126 classiariorum&
1056 3068 1189 3120 Rho·
1253 3069 1588 3120 Alexandrini
1608 3069 2028 3118 eminentioribus
2054 3071 2140 3118 lo-

304 3154 510 3202 diorum
532 3138 863 3197 maxime,de
880 3137 1063 3199 quibus
1082 3148 1187 3182 mo·
1254 3135 1328 3184 cis
1366 3135 1762 3184 sublevabantur
1795 3170 1810 3193 ,
1862 3136 2138 3192 Rhellicarm

298 3219 368 3266 do
396 3210 596 3262 dictum
621 3211 697 3256 est
722 3215 764 3250 c.
794 3215 841 3261 3.
871 3210 992 3248 sect.
1022 3209 1103 3247 11.
1254 3197 1548 3258 Simplicius
1575 3199 1711 3260 legas
1734 3233 1749 3260 ,
1775 3201 1854 3258 qut·
1889 3208 1939 3247 et
1985 3211 2142 3256 rupea

334 3291 399 3336 17
433 3276 612 3333 ,arcibus
624 3277 673 3314 et
690 3267 1017 3324 superioribus
1038 3262 1193 3336 loci-f.)
1257 3266 1478 3312 rioribus.

296 3347 343 3392 A
376 3338 561 3402 quibus
590 3328 896 3379 caesarianis
939 3325 1192 3378 clasiarus

2201 2303 2306 2418 13.
