2459 3834
406 148 559 231 342

978 147 1080 201 DE
1138 142 1388 199 BELLo
1445 144 1684 199 c1v1L1

1022 304 1410 363 CAPUT
1493 304 1656 364 XIV.

403 470 582 533 Curio
614 467 917 547 intelligit
939 509 959 540 ,
994 464 1216 540 Jubam
1256 468 1318 523 in
1359 482 1542 545 regno
1571 469 1924 528 remansisse
1946 510 1965 542 ‚
1995 468 2105 529 sed
2129 472 2268 542 eius·

397 550 753 629 praefectum
786 550 1077 607 Sabwam
1120 548 1316 605 Ueicae
1352 551 1852 625 appropinquare:
1886 569 2062 627 quare
2089 554 2267 610 Curio

399 634 671 709 praelium
701 632 1063 686 committere
1107 630 1419 685 constituat
1441 668 1461 700 ‚
1495 639 1555 685 et
1592 631 1666 686 ab
1696 634 1964 707 equitatu
1992 650 2028 686 a
2061 636 2272 689 Curio-

411 730 487 772 ne
510 715 813 787 praemisso
844 712 1043 767 hostes
1084 710 1145 763 in
1178 710 1401 765 castris
1443 710 1885 785 opprimuntur-3
1916 714 2150 784 captiv:
2192 714 2278 769 ad

460 812 463 817 ·
538 792 843 852 Curionem
880 792 1327 865 perducuntur3
1377 792 1431 845 is
1461 792 1732 864 procedit
1785 795 1864 849 ad
1900 793 2160 849 hostium

458 882 465 890 ·
1249 881 1470 929 castra.
2087 875 2117 881 ”

303 1048 383 1133 33
509 966 694 1112 His
754 1034 1086 1091 constitutis
1151 1030 1318 1088 rebus
1349 1071 1369 1102 ,
1434 1033 1802 1107 probatisque
1856 1032 2153 1104 consiliis,
2201 1048 2284 1091 ex

429 1118 681 1195 perfugis
712 1116 1049 1191 quibusdam
1094 1114 1403 1186 oppidanis
1443 1114 1646 1183 audit,
1690 1115 1896 1185 Jubam
1941 1130 2281 1169 revocatum

422 1200 682 1258 finitiin)
724 1198 875 1252 bello
900 1234 921 1267 ‚
963 1208 1022 1250 et
1057 1198 1117 1239 4⁷
1163 1195 1580 1249 controversiis
1613 1194 2057 1267 Leptitanorum
2093 1195 2286 1249 resti-

422 1280 569 1336 tisse
599 1281 659 1332 in
702 1292 880 1350 regno
902 1315 922 1346 ,
962 1274 1243 1329 Saburam
1274 1272 1392 1347 ejus
1430 1274 1756 1346 praefecturn
1789 1292 1914 1329 cum
1951 1274 2288 1332 ‘mediocri-

423 1360 529 1416 bus
572 1359 759 1430 copiis
805 1358 1039 1411 missurn
1096 1355 1282 1411 Uticae
1340 1357 1824 1427 appropinquare.
1873 1350 1934 1397 ⁴⁸
1999 1356 2108 1410 His
2165 1372 2282 1410 au-

426 1439 687 1497 ctoribus
732 1452 949 1492 temere
998 1437 1278 1505 credens,
1310 1435 1618 1489 consilium
1648 1434 1967 1490 commutat
1990 1474 2008 1504 ,
2040 1450 2100 1490 et
2139 1454 2292 1504 prae-

427 1521 513 1577 lio
574 1537 696 1573 rem
736 1517 1111 1573 committere
1162 1515 1489 1571 constituit.
1545 1515 1796 1570 Multum
1844 1516 1915 1569 ad
1967 1516 2118 1569 hanc
2164 1534 2293 1570 rem

428 1600 787 1673 probandam
818 1597 1052 1671 adjuvat
1083 1596 1478 1651 adolescentia
1505 1636 1523 1667 ,
1555 1596 1892 1671 magnitudo
1922 1596 2098 1648 animi
2127 1635 2146 1664 ,
2179 1615 2298 1650 su-

431 1681 685 1754 perioris
738 1678 1017 1750 temporis
1073 1690 1425 1749 proventus,
1455 1674 1668 1731 fiducia
1701 1677 1782 1731 rei
1819 1678 1956 1730 bene
1996 1676 2294 1746 gerendae.

432 1760 545 1815 His
577 1760 745 1813 rebus
778 1758 1052 1829 impulsus
1084 1758 1409 1830 equitatum
1466 1773 1694 1811 omnem
1741 1758 1922 1828 prima
1975 1768 2144 1809 nocte
2209 1756 2296 1810 ad

434 1854 631 1895 castra
685 1838 939 1895 hostiurn
986 1837 1218 1907 mittit,
1268 1837 1340 1891 ad
1397 1836 1607 1891 flumen
1657 1838 2021 1909 Bagradam,
2083 1834 2302 1907 quibus

435 1931 685 1992 praeerat
732 1916 990 1988 Sabura,
1022 1916 1093 1971 de
1152 1932 1265 1989 quo
1308 1928 1445 1971 ante
1499 1932 1632 1973 erat
1681 1918 1964 1972 auditum.
2022 1914 2136 1971 Sed
2194 1932 2302 1971 rex

441 1998 709 2054 omnibus
760 1997 946 2069 copiis
978 1996 1428 2069 insequebatur,
1477 2011 1537 2053 et
1580 2016 1659 2052 v1.
1717 1999 1966 2052 millium
2029 2012 2302 2068 passuum

438 2076 757 2133 inter-vall)
815 2094 847 2132 a
900 2074 1117 2131 Sabura
1176 2077 1538 2132 consederat.
1609 2078 1856 2149 Equites
1913 2078 2071 2132 missi
2127 2088 2304 2131 nocte

440 2156 559 2213 iter
601 2156 938 2213 conficiunt.
1004 2156 1402 2228 Imprudentes
1426 2198 1444 2228 ,
1473 2170 1648 2230 atque
1694 2158 2070 2229 inopinantes
2105 2157 2306 2212 hostes

442 2225 880 2312 aggrediuntur.
946 2237 1213 2292 Numi-:iae
1264 2238 1420 2291 euim
1467 2238 1712 2312 quadam
1763 2239 2012 2292 barbara
2043 2252 2304 2292 consue-

445 2320 850 2374 tudine‘nullis
881 2318 1179 2372 ordinibus
1214 2320 1424 2390 passim
1454 2320 1851 2374 consederant.
1883 2318 2006 2372 Hos
2047 2330 2305 2389 oppres-

448 2414 543 2452 sos
572 2416 772 2453 som-uo
795 2440 811 2467 ,
843 2414 903 2453 et
935 2399 1222 2469 dispersos
1255 2399 1449 2453 adorti
1485 2441 1499 2470 ,
1532 2416 1800 2473 magnum
1859 2402 2056 2453 eorut'n
2089 2413 2306 2470 nume-

454 2494 581 2531 rum
606 2479 986 2535 interficiunt.
1021 2476 1200 2532 Multi
1235 2480 1537 2549 perterriti
1577 2479 1928 2553 profugiunt.
1960 2476 2093 2550 Quo
2123 2476 2306 2547 fact0,

336 2566 419 2627 39
458 2558 529 2611 ad
552 2556 865 2613 Curionem
887 2559 1109 2631 equites
1140 2564 1532 2630 revertuntur,
1557 2560 1932 2633 captivosque
1962 2559 2032 2611 ad
2059 2574 2192 2612 eum
2219 2574 2311 2611 re-

459 2640 693 2695 ducunt.
723 2637 902 2694 Curio
934 2656 1061 2692 cum
1085 2638 1348 2692 omnibus
1379 2642 1566 2713 copiis
1595 2636 1798 2713 quarta
1833 2638 2040 2712 vigilia
2061 2638 2308 2707 exierat,

456 2719 801 2777 ‘cohortibus
831 2738 885 2777 v.
918 2718 1129 2773 castris
1160 2720 1426 2791 praesidio
1458 2721 1702 2776 relictis.
1736 2720 2078 2795 Progressus
2121 2718 2312 2775 millia

524 2888 597 2940 47
660 2882 1017 2929 Controversir's
1055 2884 1352 2938 Leptitano-

462 2948 622 2994 rum.)
648 2950 711 2991 At
736 2944 989 3004 Leptitani
1037 2944 1253 3001 majores
1297 2944 1350 2991 iu

464 3006 640 3053 medio
668 3006 778 3057 sinu
814 3008 1043 3068 Syrtium
1075 3042 1089 3065 ,
1128 3010 1278 3067 longe
1321 3021 1352 3055 a

464 3068 711 3117 Numidia
729 3105 742 3129 ,
784 3074 924 3131 Jubae
952 3084 1129 3131 regno,
1153 3070 1355 3130 remoti,

464 3138 575 3179 tota
602 3134 864 3192 provincia
898 3132 1242 3193 proconsulari
1269 3134 1355 3180 in—

464 3202 773 3254 terjacent&
800 3198 1019 3244 minores
1063 3208 1238 3245 autem
1275 3198 1356 3244 in·-

466 3256 577 3315 ipsa
616 3260 879 3317 provincia
916 3262 979 3307 ad
1000 3262 1238 3309 eumdem
1279 3263 1345 3309 si·

470 3330 628 3367 nuru:
650 3323 905 3381 quomodo
942 3323 1095 3383 igitur
1134 3324 1358 3373 finitimo

470 3378 607 3429 bello
627 3398 893 3438 revocatus
913 3386 1016 3436 dici
1039 3390 1231 3447 potest?
1257 3388 1359 3438 Ni-

1415 2880 1695 2931 hilominus
1735 2880 1807 2928 ita
1836 2886 2132 2929 constanter
2171 2876 2314 2935 libri,

1415 2956 1539 2995 vero
1557 2958 1620 2993 an
1637 2944 1879 3003 corrupto
1893 2943 2100 2991 nomine
2122 2976 2138 3001 ,
2169 2941 2314 2999 juni-

1417 3017 1531 3059 cent
1559 3009 1646 3057 alii
1674 3025 1687 3057 :
1717 3006 1846 3055 mihi
1869 3006 2102 3055 dubitare
2125 3006 2300 3053 liceat.

1481 3077 1547 3133 48
1614 3076 1707 3119 His
1723 3074 1991 3119 auctoribus
2013 3080 2187 3115 temere
2211 3082 2314 3113 cre-

1419 3136 1587 3189 deni.)
1617 3136 1884 3183 Frontinus
1909 3132 2026 3179 libr.
2053 3140 2136 3177 11.
2167 3134 2314 3179 Stra·

1422 3206 1537 3260 tagss
1563 3212 1672 3259 cap.
1703 3212 1753 3245 v.
1779 3206 1898 3245 sect.
1923 3205 2010 3255 40.
2045 3194 2176 3251 Juba
2207 3196 2314 3239 Cu·

1423 3262 1578 3311 rionis
1599 3263 1828 3309 animum
1855 3260 2100 3309 simulato
2125 3268 2314 3315 regres-

1397 3339 1478 3373 -su
1523 3325 1729 3384 impulit
1759 3324 1809 3371 iu
1837 3334 2024 3373 vanam
2061 3320 2312 3373 alacrita-

1423 3396 1546 3439 tem.
1581 3388 1708 3449 Lege
1727 3388 1942 3451 reliqua.
