<?xml version="1.0" encoding="UTF-8"?>
<!DOCTYPE html PUBLIC "-//W3C//DTD XHTML 1.0 Transitional//EN"
    "http://www.w3.org/TR/xhtml1/DTD/xhtml1-transitional.dtd">
<html xmlns="http://www.w3.org/1999/xhtml" xml:lang="en" lang="en">
 <head>
  <title>
</title>
<meta http-equiv="Content-Type" content="text/html;charset=utf-8" />
  <meta name='ocr-system' content='tesseract 3.04.00' />
  <meta name='ocr-capabilities' content='ocr_page ocr_carea ocr_par ocr_line ocrx_word'/>
</head>
<body>
  <div class='ocr_page' id='page_1' title='image "./cjuliicsariscom00lagogoog_0176.png"; bbox 0 0 2459 3834; ppageno 0'>
   <div class='ocr_carea' id='block_1_1' title="bbox 253 149 2265 3046">
    <p class='ocr_par' dir='ltr' id='par_1_1' title="bbox 253 149 2265 3046">
     <span class='ocr_line' id='line_1_1' title="bbox 386 149 1677 229; baseline -0.002 -3"><span class='ocrx_word' id='word_1_1' title='bbox 386 149 534 226; x_wconf 79' lang='lat'>166</span> <span class='ocrx_word' id='word_1_2' title='bbox 701 227 704 229; x_wconf 9' lang='grc' dir='ltr'><strong>Α</strong></span> <span class='ocrx_word' id='word_1_3' title='bbox 905 167 1299 224; x_wconf 60' lang='lat' dir='ltr'>nrt-fnum</span> <span class='ocrx_word' id='word_1_4' title='bbox 1350 170 1677 226; x_wconf 69' lang='lat' dir='ltr'>Gntmco</span> 
     </span>
     <span class='ocr_line' id='line_1_2' title="bbox 372 251 2265 329; baseline 0.001 -19"><span class='ocrx_word' id='word_1_5' title='bbox 372 255 571 329; x_wconf 77' lang='lat' dir='ltr'>gentia</span> <span class='ocrx_word' id='word_1_6' title='bbox 617 251 834 310; x_wconf 77' lang='lat' dir='ltr'><strong>milites</strong></span> <span class='ocrx_word' id='word_1_7' title='bbox 875 251 934 305; x_wconf 89' lang='lat' dir='ltr'>in</span> <span class='ocrx_word' id='word_1_8' title='bbox 986 253 1192 307; x_wconf 86' lang='lat' dir='ltr'>castris</span> <span class='ocrx_word' id='word_1_9' title='bbox 1234 255 1652 323; x_wconf 75' lang='lat' dir='ltr'>continuisset,</span> <span class='ocrx_word' id='word_1_10' title='bbox 1702 269 1771 308; x_wconf 84' lang='lat' dir='ltr'>ac</span> <span class='ocrx_word' id='word_1_11' title='bbox 1818 271 1891 310; x_wconf 87' lang='lat' dir='ltr'>ne</span> <span class='ocrx_word' id='word_1_12' title='bbox 1926 255 2191 312; x_wconf 82' lang='lat' dir='ltr'>calonem</span> <span class='ocrx_word' id='word_1_13' title='bbox 2262 259 2265 266; x_wconf 88' lang='lat'>&#39;</span> 
     </span>
     <span class='ocr_line' id='line_1_3' title="bbox 374 335 2196 408; baseline 0.001 -20"><span class='ocrx_word' id='word_1_14' title='bbox 374 335 602 408; x_wconf 89' lang='lat' dir='ltr'>quidem</span> <span class='ocrx_word' id='word_1_15' title='bbox 643 349 977 407; x_wconf 87' lang='lat' dir='ltr'>quemquam</span> <span class='ocrx_word' id='word_1_16' title='bbox 1019 347 1178 386; x_wconf 79' lang='lat' dir='ltr'>extra</span> <span class='ocrx_word' id='word_1_17' title='bbox 1231 335 1604 390; x_wconf 73' lang='lat' dir='ltr'>munitionem</span> <span class='ocrx_word' id='word_1_18' title='bbox 1638 335 1833 407; x_wconf 83' lang='lat' dir='ltr'>egredi</span> <span class='ocrx_word' id='word_1_19' title='bbox 1870 351 2058 406; x_wconf 87' lang='lat' dir='ltr'>passus</span> <span class='ocrx_word' id='word_1_20' title='bbox 2087 354 2196 391; x_wconf 84' lang='lat' dir='ltr'>es-</span> 
     </span>
     <span class='ocr_line' id='line_1_4' title="bbox 373 409 2195 489; baseline 0.001 -19"><span class='ocrx_word' id='word_1_21' title='bbox 373 428 500 472; x_wconf 81' lang='lat' dir='ltr'>set:</span> <span class='ocrx_word' id='word_1_22' title='bbox 538 433 638 489; x_wconf 53' lang='lat' dir='ltr'>qu.</span> <span class='ocrx_word' id='word_1_23' title='bbox 683 415 776 485; x_wconf 86' lang='lat' dir='ltr'>die</span> <span class='ocrx_word' id='word_1_24' title='bbox 811 409 1109 481; x_wconf 85' lang='lat' dir='ltr'>diffidens,</span> <span class='ocrx_word' id='word_1_25' title='bbox 1149 409 1429 468; x_wconf 73' lang='lat' dir='ltr'>Caesarem</span> <span class='ocrx_word' id='word_1_26' title='bbox 1470 416 1541 468; x_wconf 90' lang='lat' dir='ltr'>de</span> <span class='ocrx_word' id='word_1_27' title='bbox 1571 431 1808 468; x_wconf 88' lang='lat' dir='ltr'>numero</span> <span class='ocrx_word' id='word_1_28' title='bbox 1854 417 2071 470; x_wconf 88' lang='lat' dir='ltr'>dierum</span> <span class='ocrx_word' id='word_1_29' title='bbox 2104 415 2195 471; x_wconf 80' lang='lat' dir='ltr'>fi-</span> 
     </span>
     <span class='ocr_line' id='line_1_5' title="bbox 373 491 2196 567; baseline 0.003 -20"><span class='ocrx_word' id='word_1_30' title='bbox 373 491 503 550; x_wconf 87' lang='lat' dir='ltr'>dem</span> <span class='ocrx_word' id='word_1_31' title='bbox 533 505 928 562; x_wconf 80' lang='lat' dir='ltr'>servaturum,</span> <span class='ocrx_word' id='word_1_32' title='bbox 965 495 1113 564; x_wconf 88' lang='lat' dir='ltr'>quod</span> <span class='ocrx_word' id='word_1_33' title='bbox 1158 496 1381 567; x_wconf 79' lang='lat' dir='ltr'>longius</span> <span class='ocrx_word' id='word_1_34' title='bbox 1414 511 1541 549; x_wconf 90' lang='lat' dir='ltr'>eum</span> <span class='ocrx_word' id='word_1_35' title='bbox 1578 495 1931 567; x_wconf 74' lang='lat' dir='ltr'>progressum</span> <span class='ocrx_word' id='word_1_36' title='bbox 1982 495 2196 552; x_wconf 79' lang='lat' dir='ltr'>audi‘e&#39;-</span> 
     </span>
     <span class='ocr_line' id='line_1_6' title="bbox 373 572 2192 650; baseline 0.002 -23"><span class='ocrx_word' id='word_1_37' title='bbox 373 572 472 628; x_wconf 85' lang='lat' dir='ltr'>bat</span> <span class='ocrx_word' id='word_1_38' title='bbox 501 614 517 642; x_wconf 91' lang='lat'>,</span> <span class='ocrx_word' id='word_1_39' title='bbox 552 591 730 646; x_wconf 77' lang='lat' dir='ltr'>neque</span> <span class='ocrx_word' id='word_1_40' title='bbox 761 575 872 626; x_wconf 88' lang='lat' dir='ltr'>ulla</span> <span class='ocrx_word' id='word_1_41' title='bbox 901 573 974 626; x_wconf 90' lang='lat' dir='ltr'>de</span> <span class='ocrx_word' id='word_1_42' title='bbox 1003 572 1120 644; x_wconf 83' lang='lat' dir='ltr'>eju-s</span> <span class='ocrx_word' id='word_1_43' title='bbox 1162 575 1351 628; x_wconf 81' lang='lat' dir='ltr'>reditu</span> <span class='ocrx_word' id='word_1_44' title='bbox 1378 573 1531 628; x_wconf 78' lang='lat' dir='ltr'>fama</span> <span class='ocrx_word' id='word_1_45' title='bbox 1576 573 1920 628; x_wconf 85' lang='lat' dir='ltr'>afferebatur</span> <span class='ocrx_word' id='word_1_46' title='bbox 1949 615 1969 646; x_wconf 93' lang='lat'>,</span> <span class='ocrx_word' id='word_1_47' title='bbox 1996 577 2192 650; x_wconf 86' lang='lat' dir='ltr'>simul,</span> 
     </span>
     <span class='ocr_line' id='line_1_7' title="bbox 372 653 2193 728; baseline 0.001 -18"><span class='ocrx_word' id='word_1_48' title='bbox 372 669 569 710; x_wconf 78' lang='lat' dir='ltr'>eorum</span> <span class='ocrx_word' id='word_1_49' title='bbox 603 664 888 726; x_wconf 84' lang='lat' dir='ltr'>permotus</span> <span class='ocrx_word' id='word_1_50' title='bbox 919 653 1182 722; x_wconf 83' lang='lat' dir='ltr'>vocibus,</span> <span class='ocrx_word' id='word_1_51' title='bbox 1213 656 1308 726; x_wconf 86' lang='lat' dir='ltr'>qui</span> <span class='ocrx_word' id='word_1_52' title='bbox 1340 655 1491 708; x_wconf 87' lang='lat' dir='ltr'>illius</span> <span class='ocrx_word' id='word_1_53' title='bbox 1538 655 1877 726; x_wconf 76' lang='lat' dir='ltr'>patientiam</span> <span class='ocrx_word' id='word_1_54' title='bbox 1914 673 2054 728; x_wconf 85' lang='lat' dir='ltr'>pene</span> <span class='ocrx_word' id='word_1_55' title='bbox 2085 657 2193 712; x_wconf 86' lang='lat' dir='ltr'>ob·</span> 
     </span>
     <span class='ocr_line' id='line_1_8' title="bbox 369 734 2190 808; baseline 0.002 -20"><span class='ocrx_word' id='word_1_56' title='bbox 369 734 680 788; x_wconf 81' lang='lat' dir='ltr'>sessionem</span> <span class='ocrx_word' id='word_1_57' title='bbox 713 734 1111 803; x_wconf 78' lang='lat' dir='ltr'>appellabant,</span> <span class='ocrx_word' id='word_1_58' title='bbox 1147 735 1428 804; x_wconf 80' lang='lat' dir='ltr'>siquidem</span> <span class='ocrx_word' id='word_1_59' title='bbox 1470 751 1539 789; x_wconf 80' lang='lat' dir='ltr'>ex</span> <span class='ocrx_word' id='word_1_60' title='bbox 1580 735 1785 790; x_wconf 85' lang='lat' dir='ltr'>castris</span> <span class='ocrx_word' id='word_1_61' title='bbox 1816 736 2009 808; x_wconf 88' lang='lat' dir='ltr'>egredi</span> <span class='ocrx_word' id='word_1_62' title='bbox 2072 755 2190 792; x_wconf 82' lang='lat' dir='ltr'>non</span> 
     </span>
     <span class='ocr_line' id='line_1_9' title="bbox 372 811 2185 898; baseline 0.004 -32"><span class='ocrx_word' id='word_1_63' title='bbox 372 812 617 883; x_wconf 84' lang='lat' dir='ltr'>liceret,</span> <span class='ocrx_word' id='word_1_64' title='bbox 658 816 867 866; x_wconf 83' lang='lat' dir='ltr'>nullum</span> <span class='ocrx_word' id='word_1_65' title='bbox 919 811 1234 898; x_wconf 85' lang='lat' dir='ltr'>hujusmodi</span> <span class='ocrx_word' id='word_1_66' title='bbox 1286 830 1477 870; x_wconf 84' lang='lat' dir='ltr'>casum</span> <span class='ocrx_word' id='word_1_67' title='bbox 1520 829 1851 886; x_wconf 84' lang='lat' dir='ltr'>exspectans</span> <span class='ocrx_word' id='word_1_68' title='bbox 1879 854 1900 886; x_wconf 86' lang='lat'>,</span> <span class='ocrx_word' id='word_1_69' title='bbox 1942 833 2055 889; x_wconf 91' lang='lat' dir='ltr'>quo</span> <span class='ocrx_word' id='word_1_70' title='bbox 2102 835 2185 874; x_wconf 75' lang='lat' dir='ltr'>tx.</span> 
     </span>
     <span class='ocr_line' id='line_1_10' title="bbox 372 883 2189 970; baseline 0.002 -21"><span class='ocrx_word' id='word_1_71' title='bbox 372 893 652 966; x_wconf 78' lang='lat' dir='ltr'>oppositis</span> <span class='ocrx_word' id='word_1_72' title='bbox 701 883 1015 966; x_wconf 79' lang='lat' dir='ltr'>legionibus</span> <span class='ocrx_word' id='word_1_73' title='bbox 1047 933 1066 962; x_wconf 92' lang='lat'>,</span> <span class='ocrx_word' id='word_1_74' title='bbox 1116 893 1475 966; x_wconf 79' lang='lat' dir='ltr'>maximoque</span> <span class='ocrx_word' id='word_1_75' title='bbox 1530 895 1831 967; x_wconf 88' lang='lat' dir='ltr'>equitatu,</span> <span class='ocrx_word' id='word_1_76' title='bbox 1886 896 2189 970; x_wconf 75' lang='lat' dir='ltr'>dispersiS,</span> 
     </span>
     <span class='ocr_line' id='line_1_11' title="bbox 371 971 2188 1059; baseline 0.004 -33"><span class='ocrx_word' id='word_1_77' title='bbox 371 986 441 1027; x_wconf 75' lang='lat' dir='ltr'>ac</span> <span class='ocrx_word' id='word_1_78' title='bbox 494 991 631 1059; x_wconf 88' lang='lat' dir='ltr'>pene</span> <span class='ocrx_word' id='word_1_79' title='bbox 669 973 876 1054; x_wconf 77' lang='lat' dir='ltr'>deletis</span> <span class='ocrx_word' id='word_1_80' title='bbox 923 971 1220 1044; x_wconf 81' lang='lat' dir='ltr'>hostibus,</span> <span class='ocrx_word' id='word_1_81' title='bbox 1255 974 1315 1028; x_wconf 90' lang='lat' dir='ltr'>in</span> <span class='ocrx_word' id='word_1_82' title='bbox 1360 974 1606 1030; x_wconf 87' lang='lat' dir='ltr'>millibus</span> <span class='ocrx_word' id='word_1_83' title='bbox 1648 992 1905 1045; x_wconf 82' lang='lat' dir='ltr'><strong>passuum</strong></span> <span class='ocrx_word' id='word_1_84' title='bbox 1946 993 2073 1032; x_wconf 73' lang='grc' dir='ltr'>ιιι.</span> <span class='ocrx_word' id='word_1_85' title='bbox 2097 977 2188 1033; x_wconf 89' lang='lat' dir='ltr'>of·</span> 
     </span>
     <span class='ocr_line' id='line_1_12' title="bbox 371 1045 2188 1125; baseline 0.003 -17"><span class='ocrx_word' id='word_1_86' title='bbox 371 1046 526 1108; x_wconf 79' lang='lat' dir='ltr'>feudi</span> <span class='ocrx_word' id='word_1_87' title='bbox 563 1054 746 1124; x_wconf 81' lang='lat' dir='ltr'>posset</span> <span class='ocrx_word' id='word_1_88' title='bbox 775 1091 794 1124; x_wconf 93' lang='lat'>,</span> <span class='ocrx_word' id='word_1_89' title='bbox 838 1045 890 1106; x_wconf 84' lang='grc' dir='ltr'>ν’.</span> <span class='ocrx_word' id='word_1_90' title='bbox 918 1053 1186 1108; x_wconf 83' lang='lat' dir='ltr'>cohortes</span> <span class='ocrx_word' id='word_1_91' title='bbox 1217 1053 1625 1108; x_wconf 80' lang='lat' dir='ltr'>frumentatum</span> <span class='ocrx_word' id='word_1_92' title='bbox 1659 1056 1723 1109; x_wconf 52' lang='lat' dir='ltr'>&#39;in</span> <span class='ocrx_word' id='word_1_93' title='bbox 1770 1055 2053 1125; x_wconf 82' lang='lat' dir='ltr'>proximas</span> <span class='ocrx_word' id='word_1_94' title='bbox 2083 1075 2188 1113; x_wconf 88' lang='lat' dir='ltr'>se·—</span> 
     </span>
     <span class='ocr_line' id='line_1_13' title="bbox 372 1132 2191 1205; baseline 0.003 -19"><span class='ocrx_word' id='word_1_95' title='bbox 372 1145 532 1205; x_wconf 80' lang='lat' dir='ltr'>getes</span> <span class='ocrx_word' id='word_1_96' title='bbox 563 1134 777 1202; x_wconf 77' lang='lat' dir='ltr'>mittit,</span> <span class='ocrx_word' id='word_1_97' title='bbox 806 1149 940 1204; x_wconf 83' lang='lat' dir='ltr'>quas</span> <span class='ocrx_word' id='word_1_98' title='bbox 975 1132 1124 1187; x_wconf 88' lang='lat' dir='ltr'>inter</span> <span class='ocrx_word' id='word_1_99' title='bbox 1149 1147 1209 1188; x_wconf 86' lang='lat' dir='ltr'>et</span> <span class='ocrx_word' id='word_1_100' title='bbox 1244 1148 1432 1188; x_wconf 87' lang='lat' dir='ltr'>castra</span> <span class='ocrx_word' id='word_1_101' title='bbox 1462 1151 1599 1191; x_wconf 85' lang='lat' dir='ltr'>unus</span> <span class='ocrx_word' id='word_1_102' title='bbox 1633 1135 2060 1204; x_wconf 85' lang='lat' dir='ltr'>omnino-collis</span> <span class='ocrx_word' id='word_1_103' title='bbox 2091 1138 2191 1192; x_wconf 87' lang='lat' dir='ltr'>in-</span> 
     </span>
     <span class='ocr_line' id='line_1_14' title="bbox 374 1210 2185 1290; baseline 0.003 -23"><span class='ocrx_word' id='word_1_104' title='bbox 374 1223 612 1268; x_wconf 85' lang='lat' dir='ltr'>tererat.</span> <span class='ocrx_word' id='word_1_105' title='bbox 653 1210 990 1283; x_wconf 74' lang='lat' dir='ltr'>Complures</span> <span class='ocrx_word' id='word_1_106' title='bbox 1025 1227 1191 1268; x_wconf 84' lang='lat' dir='ltr'>era-nt</span> <span class='ocrx_word' id='word_1_107' title='bbox 1231 1214 1291 1268; x_wconf 88' lang='lat' dir='ltr'>in</span> <span class='ocrx_word' id='word_1_108' title='bbox 1324 1216 1533 1268; x_wconf 80' lang='lat' dir='ltr'>castris</span> <span class='ocrx_word' id='word_1_109' title='bbox 1582 1233 1651 1269; x_wconf 80' lang='lat' dir='ltr'>ex</span> <span class='ocrx_word' id='word_1_110' title='bbox 1694 1215 2007 1288; x_wconf 82' lang='lat' dir='ltr'>legionibus</span> <span class='ocrx_word' id='word_1_111' title='bbox 2048 1219 2185 1290; x_wconf 81' lang='lat' dir='ltr'>aegri</span> 
     </span>
     <span class='ocr_line' id='line_1_15' title="bbox 372 1293 2185 1370; baseline 0.004 -26"><span class='ocrx_word' id='word_1_112' title='bbox 372 1293 598 1363; x_wconf 85' lang='lat' dir='ltr'>relicti,</span> <span class='ocrx_word' id='word_1_113' title='bbox 639 1310 709 1348; x_wconf 78' lang='lat' dir='ltr'>ex</span> <span class='ocrx_word' id='word_1_114' title='bbox 745 1293 1096 1365; x_wconf 75' lang='lat' dir='ltr'>quibuS,qui</span> <span class='ocrx_word' id='word_1_115' title='bbox 1132 1294 1464 1364; x_wconf 87' lang='lat' dir='ltr'>hoc-spatio</span> <span class='ocrx_word' id='word_1_116' title='bbox 1496 1295 1715 1350; x_wconf 83' lang='lat' dir='ltr'>dierum</span> <span class='ocrx_word' id='word_1_117' title='bbox 1758 1299 2185 1370; x_wconf 81' lang='lat' dir='ltr'>convaluerant,</span> 
     </span>
     <span class='ocr_line' id='line_1_16' title="bbox 275 1373 2190 1448; baseline 0.003 -20"><span class='ocrx_word' id='word_1_118' title='bbox 275 1393 281 1398; x_wconf 92' lang='lat'>·</span> <span class='ocrx_word' id='word_1_119' title='bbox 371 1373 610 1428; x_wconf 77' lang='lat' dir='ltr'>circiter</span> <span class='ocrx_word' id='word_1_120' title='bbox 649 1389 765 1428; x_wconf 88' lang='lat' dir='ltr'>ccc.</span> <span class='ocrx_word' id='word_1_121' title='bbox 799 1373 900 1428; x_wconf 87' lang='lat' dir='ltr'>sub</span> <span class='ocrx_word' id='word_1_122' title='bbox 941 1373 1152 1430; x_wconf 78' lang='lat' dir='ltr'>vexillo</span> <span class='ocrx_word' id='word_1_123' title='bbox 1181 1391 1291 1429; x_wconf 87' lang='lat' dir='ltr'>una</span> <span class='ocrx_word' id='word_1_124' title='bbox 1342 1374 1697 1430; x_wconf 85' lang='lat' dir='ltr'>mittuntur:</span> <span class='ocrx_word' id='word_1_125' title='bbox 1750 1391 1953 1448; x_wconf 73' lang='lat' dir='ltr'>magna</span> <span class='ocrx_word' id='word_1_126' title='bbox 1988 1391 2190 1448; x_wconf 82' lang='lat' dir='ltr'>praete·</span> 
     </span>
     <span class='ocr_line' id='line_1_17' title="bbox 370 1453 2188 1528; baseline 0.005 -24"><span class='ocrx_word' id='word_1_127' title='bbox 370 1469 470 1507; x_wconf 82' lang='lat' dir='ltr'>rea</span> <span class='ocrx_word' id='word_1_128' title='bbox 513 1453 820 1508; x_wconf 87' lang='lat' dir='ltr'>multitudo</span> <span class='ocrx_word' id='word_1_129' title='bbox 851 1457 1179 1524; x_wconf 83' lang='lat' dir='ltr'>calonum,</span> <span class='ocrx_word' id='word_1_130' title='bbox 1197 1465 1425 1527; x_wconf 78' lang='lat' dir='ltr'>·mag·na</span> <span class='ocrx_word' id='word_1_131' title='bbox 1478 1455 1565 1512; x_wconf 84' lang='lat' dir='ltr'>vis</span> <span class='ocrx_word' id='word_1_132' title='bbox 1594 1453 2015 1527; x_wconf 84' lang='lat' dir='ltr'>jumentorum,</span> <span class='ocrx_word' id='word_1_133' title='bbox 2066 1475 2188 1528; x_wconf 78' lang='lat' dir='ltr'>quae</span> 
     </span>
     <span class='ocr_line' id='line_1_18' title="bbox 253 1523 2182 1607; baseline 0.003 -21"><span class='ocrx_word' id='word_1_134' title='bbox 253 1523 333 1587; x_wconf 75' lang='lat'>3⁷</span> <span class='ocrx_word' id='word_1_135' title='bbox 375 1531 433 1586; x_wconf 91' lang='lat' dir='ltr'>in</span> <span class='ocrx_word' id='word_1_136' title='bbox 479 1535 687 1588; x_wconf 84' lang='lat' dir='ltr'>castris</span> <span class='ocrx_word' id='word_1_137' title='bbox 731 1533 1100 1604; x_wconf 80' lang='lat' dir='ltr'>subsederat,</span> <span class='ocrx_word' id='word_1_138' title='bbox 1139 1533 1293 1588; x_wconf 87' lang='lat' dir='ltr'>facta</span> <span class='ocrx_word' id='word_1_139' title='bbox 1345 1546 1681 1605; x_wconf 83' lang='lat' dir='ltr'>potestate,</span> <span class='ocrx_word' id='word_1_140' title='bbox 1721 1535 1993 1607; x_wconf 86' lang='lat' dir='ltr'>sequitur.</span> <span class='ocrx_word' id='word_1_141' title='bbox 2055 1538 2182 1593; x_wconf 85' lang='lat' dir='ltr'>Hoc</span> 
     </span>
     <span class='ocr_line' id='line_1_19' title="bbox 370 1610 2181 1700; baseline 0.004 -34"><span class='ocrx_word' id='word_1_142' title='bbox 370 1610 496 1684; x_wconf 84' lang='lat' dir='ltr'>ipso</span> <span class='ocrx_word' id='word_1_143' title='bbox 541 1626 846 1700; x_wconf 86' lang='lat' dir='ltr'>tempore,</span> <span class='ocrx_word' id='word_1_144' title='bbox 887 1626 946 1668; x_wconf 90' lang='lat' dir='ltr'>et</span> <span class='ocrx_word' id='word_1_145' title='bbox 995 1629 1126 1666; x_wconf 82' lang='lat' dir='ltr'>casu</span> <span class='ocrx_word' id='word_1_146' title='bbox 1169 1611 1447 1668; x_wconf 81' lang='lat' dir='ltr'>Germani</span> <span class='ocrx_word' id='word_1_147' title='bbox 1496 1615 1721 1688; x_wconf 87' lang='lat' dir='ltr'>equites</span> <span class='ocrx_word' id='word_1_148' title='bbox 1768 1616 2181 1690; x_wconf 85' lang='lat' dir='ltr'>interveniunt,</span> 
     </span>
     <span class='ocr_line' id='line_1_20' title="bbox 368 1692 2179 1772; baseline 0.003 -28"><span class='ocrx_word' id='word_1_149' title='bbox 368 1693 740 1766; x_wconf 78' lang='lat' dir='ltr'>&#39;protinusque</span> <span class='ocrx_word' id='word_1_150' title='bbox 780 1692 979 1748; x_wconf 89' lang='lat' dir='ltr'>eodem</span> <span class='ocrx_word' id='word_1_151' title='bbox 1013 1693 1239 1768; x_wconf 89' lang='lat' dir='ltr'>illo,q</span> <span class='ocrx_word' id='word_1_152' title='bbox 1204 1711 1317 1772; x_wconf 73' lang='lat' dir='ltr'>qqo</span> <span class='ocrx_word' id='word_1_153' title='bbox 1374 1707 1686 1762; x_wconf 82' lang='lat' dir='ltr'>venerant,</span> <span class='ocrx_word' id='word_1_154' title='bbox 1728 1711 1890 1750; x_wconf 88' lang='lat' dir='ltr'>cursu</span> <span class='ocrx_word' id='word_1_155' title='bbox 1930 1693 2001 1748; x_wconf 80' lang='lat' dir='ltr'>ab</span> <span class='ocrx_word' id='word_1_156' title='bbox 2048 1695 2179 1750; x_wconf 89' lang='lat' dir='ltr'>De·-</span> 
     </span>
     <span class='ocr_line' id='line_1_21' title="bbox 369 1753 2179 1848; baseline 0.003 -22"><span class='ocrx_word' id='word_1_157' title='bbox 369 1775 612 1834; x_wconf 79' lang='lat' dir='ltr'>cumana</span> <span class='ocrx_word' id='word_1_158' title='bbox 647 1786 813 1844; x_wconf 85' lang='lat' dir='ltr'>porta</span> <span class='ocrx_word' id='word_1_159' title='bbox 852 1753 926 1828; x_wconf 88' lang='lat' dir='ltr'>in</span> <span class='ocrx_word' id='word_1_160' title='bbox 951 1786 1140 1828; x_wconf 85' lang='lat' dir='ltr'>castra</span> <span class='ocrx_word' id='word_1_161' title='bbox 1181 1773 1499 1846; x_wconf 70' lang='lat' dir='ltr'>irrumpere</span> <span class='ocrx_word' id='word_1_162' title='bbox 1545 1787 1859 1846; x_wconf 76' lang='lat' dir='ltr'>conantur3</span> <span class='ocrx_word' id='word_1_163' title='bbox 1890 1792 1995 1830; x_wconf 84' lang='lat' dir='ltr'>nec</span> <span class='ocrx_word' id='word_1_164' title='bbox 2024 1777 2179 1848; x_wconf 84' lang='lat' dir='ltr'>prius</span> 
     </span>
     <span class='ocr_line' id='line_1_22' title="bbox 367 1851 2182 1931; baseline 0.001 -23"><span class='ocrx_word' id='word_1_165' title='bbox 367 1867 498 1908; x_wconf 83' lang='lat' dir='ltr'>sunt</span> <span class='ocrx_word' id='word_1_166' title='bbox 539 1855 646 1907; x_wconf 81' lang='lat' dir='ltr'>visi</span> <span class='ocrx_word' id='word_1_167' title='bbox 680 1892 699 1921; x_wconf 92' lang='lat'>,</span> <span class='ocrx_word' id='word_1_168' title='bbox 742 1851 981 1926; x_wconf 87' lang='lat' dir='ltr'>objectis</span> <span class='ocrx_word' id='word_1_169' title='bbox 1012 1853 1081 1907; x_wconf 87' lang='lat' dir='ltr'>ab</span> <span class='ocrx_word' id='word_1_170' title='bbox 1110 1871 1176 1908; x_wconf 87' lang='lat' dir='ltr'>ea</span> <span class='ocrx_word' id='word_1_171' title='bbox 1211 1868 1374 1926; x_wconf 86' lang='lat' dir='ltr'>parte</span> <span class='ocrx_word' id='word_1_172' title='bbox 1404 1854 1605 1931; x_wconf 76' lang='lat' dir='ltr'>silvis,</span> <span class='ocrx_word' id='word_1_173' title='bbox 1638 1871 1805 1926; x_wconf 85' lang='lat' dir='ltr'>quam</span> <span class='ocrx_word' id='word_1_174' title='bbox 1838 1857 2045 1910; x_wconf 84' lang='lat' dir='ltr'>castris</span> <span class='ocrx_word' id='word_1_175' title='bbox 2074 1872 2182 1930; x_wconf 83' lang='lat' dir='ltr'>ap-</span> 
     </span>
     <span class='ocr_line' id='line_1_23' title="bbox 370 1933 2181 2008; baseline 0.004 -23"><span class='ocrx_word' id='word_1_176' title='bbox 370 1933 856 2004; x_wconf 81' lang='lat' dir='ltr'>propinquarent,</span> <span class='ocrx_word' id='word_1_177' title='bbox 896 1949 1066 2008; x_wconf 89' lang='lat' dir='ltr'>usque</span> <span class='ocrx_word' id='word_1_178' title='bbox 1095 1950 1204 2004; x_wconf 90' lang='lat' dir='ltr'>eo,</span> <span class='ocrx_word' id='word_1_179' title='bbox 1237 1946 1297 1988; x_wconf 88' lang='lat' dir='ltr'>ut</span> <span class='ocrx_word' id='word_1_180' title='bbox 1328 1936 1385 1978; x_wconf 80' lang='lat'>³⁹</span> <span class='ocrx_word' id='word_1_181' title='bbox 1434 1933 1533 2007; x_wconf 89' lang='lat' dir='ltr'>qui</span> <span class='ocrx_word' id='word_1_182' title='bbox 1576 1934 1676 1990; x_wconf 84' lang='lat' dir='ltr'>sub</span> <span class='ocrx_word' id='word_1_183' title='bbox 1716 1936 1928 1988; x_wconf 82' lang='lat' dir='ltr'>vallum</span> <span class='ocrx_word' id='word_1_184' title='bbox 1972 1937 2181 1992; x_wconf 85' lang='lat' dir='ltr'>tende-</span> 
     </span>
     <span class='ocr_line' id='line_1_24' title="bbox 369 2008 2183 2084; baseline 0.003 -19"><span class='ocrx_word' id='word_1_185' title='bbox 369 2008 500 2065; x_wconf 79' lang='lat' dir='ltr'>rent</span> <span class='ocrx_word' id='word_1_186' title='bbox 535 2025 878 2066; x_wconf 79' lang='lat' dir='ltr'>mercatores</span> <span class='ocrx_word' id='word_1_187' title='bbox 903 2051 921 2080; x_wconf 95' lang='lat'>,</span> <span class='ocrx_word' id='word_1_188' title='bbox 958 2013 1272 2084; x_wconf 87' lang='lat' dir='ltr'>recipiendi</span> <span class='ocrx_word' id='word_1_189' title='bbox 1322 2015 1407 2068; x_wconf 89' lang='lat' dir='ltr'>sui</span> <span class='ocrx_word' id='word_1_190' title='bbox 1445 2017 1555 2069; x_wconf 80' lang='lat' dir='ltr'>non</span> <span class='ocrx_word' id='word_1_191' title='bbox 1602 2013 1881 2083; x_wconf 79' lang='lat' dir='ltr'>¹haberent</span> <span class='ocrx_word' id='word_1_192' title='bbox 1926 2014 2183 2071; x_wconf 85' lang='lat' dir='ltr'>faculta-</span> 
     </span>
     <span class='ocr_line' id='line_1_25' title="bbox 370 2092 2208 2167; baseline 0.005 -23"><span class='ocrx_word' id='word_1_193' title='bbox 370 2101 510 2144; x_wconf 84' lang='lat' dir='ltr'>tem.</span> <span class='ocrx_word' id='word_1_194' title='bbox 561 2092 928 2164; x_wconf 85' lang='lat' dir='ltr'>Inopinantes</span> <span class='ocrx_word' id='word_1_195' title='bbox 972 2094 1153 2146; x_wconf 82' lang='lat' dir='ltr'>nostri</span> <span class='ocrx_word' id='word_1_196' title='bbox 1200 2111 1265 2149; x_wconf 87' lang='lat' dir='ltr'>re</span> <span class='ocrx_word' id='word_1_197' title='bbox 1309 2111 1469 2150; x_wconf 81' lang='lat' dir='ltr'>nova·</span> <span class='ocrx_word' id='word_1_198' title='bbox 1496 2093 1938 2167; x_wconf 84' lang='lat' dir='ltr'>perturbantur,</span> <span class='ocrx_word' id='word_1_199' title='bbox 1968 2113 2037 2150; x_wconf 90' lang='lat' dir='ltr'>ac</span> <span class='ocrx_word' id='word_1_200' title='bbox 2085 2098 2208 2154; x_wconf 80' lang='lat' dir='ltr'>vix·</span> 
     </span>
     <span class='ocr_line' id='line_1_26' title="bbox 368 2170 2186 2244; baseline 0.005 -21"><span class='ocrx_word' id='word_1_201' title='bbox 368 2171 616 2244; x_wconf 84' lang='lat' dir='ltr'>primum</span> <span class='ocrx_word' id='word_1_202' title='bbox 647 2170 924 2244; x_wconf 82' lang='lat' dir='ltr'>impetum</span> <span class='ocrx_word' id='word_1_203' title='bbox 955 2173 1163 2227; x_wconf 87' lang='lat' dir='ltr'>cohors</span> <span class='ocrx_word' id='word_1_204' title='bbox 1194 2175 1251 2227; x_wconf 89' lang='lat' dir='ltr'>in</span> <span class='ocrx_word' id='word_1_205' title='bbox 1306 2175 1556 2230; x_wconf 87' lang='lat' dir='ltr'>statione</span> <span class='ocrx_word' id='word_1_206' title='bbox 1603 2176 1867 2228; x_wconf 86' lang='lat' dir='ltr'>sustinet.</span> <span class='ocrx_word' id='word_1_207' title='bbox 1914 2172 2186 2232; x_wconf 89' lang='lat' dir='ltr'>Circum·</span> 
     </span>
     <span class='ocr_line' id='line_1_27' title="bbox 365 2247 2183 2326; baseline 0.003 -20"><span class='ocrx_word' id='word_1_208' title='bbox 365 2247 897 2311; x_wconf 80' lang='lat' dir='ltr'>funduntur-hostes</span> <span class='ocrx_word' id='word_1_209' title='bbox 941 2268 1010 2306; x_wconf 81' lang='lat' dir='ltr'>ex</span> <span class='ocrx_word' id='word_1_210' title='bbox 1043 2253 1281 2326; x_wconf 86' lang='lat' dir='ltr'>reliquis</span> <span class='ocrx_word' id='word_1_211' title='bbox 1312 2255 1571 2325; x_wconf 85' lang='lat' dir='ltr'>partibus</span> <span class='ocrx_word' id='word_1_212' title='bbox 1601 2293 1621 2324; x_wconf 92' lang='lat'>,</span> <span class='ocrx_word' id='word_1_213' title='bbox 1652 2255 1701 2308; x_wconf 85' lang='lat' dir='ltr'>si</span> <span class='ocrx_word' id='word_1_214' title='bbox 1742 2271 1911 2326; x_wconf 89' lang='lat' dir='ltr'>quem</span> <span class='ocrx_word' id='word_1_215' title='bbox 1963 2256 2183 2312; x_wconf 87' lang='lat' dir='ltr'>aditum</span> 
     </span>
     <span class='ocr_line' id='line_1_28' title="bbox 365 2331 2183 2407; baseline 0.004 -23"><span class='ocrx_word' id='word_1_216' title='bbox 365 2331 624 2402; x_wconf 81' lang='lat' dir='ltr'>reperire</span> <span class='ocrx_word' id='word_1_217' title='bbox 658 2345 902 2403; x_wconf 83' lang='lat' dir='ltr'>possent.</span> <span class='ocrx_word' id='word_1_218' title='bbox 953 2331 1132 2405; x_wconf 86' lang='lat' dir='ltr'>AEgre</span> <span class='ocrx_word' id='word_1_219' title='bbox 1175 2334 1357 2388; x_wconf 83' lang='lat' dir='ltr'>nostri</span> <span class='ocrx_word' id='word_1_220' title='bbox 1398 2348 1590 2406; x_wconf 87' lang='lat' dir='ltr'>portas</span> <span class='ocrx_word' id='word_1_221' title='bbox 1632 2345 1879 2388; x_wconf 88' lang='lat' dir='ltr'>tuentur.</span> <span class='ocrx_word' id='word_1_222' title='bbox 1910 2333 2183 2407; x_wconf 87' lang='lat' dir='ltr'>Reliquos</span> 
     </span>
     <span class='ocr_line' id='line_1_29' title="bbox 367 2411 2185 2486; baseline 0.004 -22"><span class='ocrx_word' id='word_1_223' title='bbox 367 2411 556 2464; x_wconf 79' lang='lat' dir='ltr'>aditus</span> <span class='ocrx_word' id='word_1_224' title='bbox 597 2414 749 2467; x_wconf 85' lang='lat' dir='ltr'>locus</span> <span class='ocrx_word' id='word_1_225' title='bbox 794 2414 916 2483; x_wconf 88' lang='lat' dir='ltr'>ipse</span> <span class='ocrx_word' id='word_1_226' title='bbox 952 2429 1049 2484; x_wconf 88' lang='lat' dir='ltr'>per</span> <span class='ocrx_word' id='word_1_227' title='bbox 1097 2429 1200 2484; x_wconf 83' lang='lat' dir='ltr'>se,</span> <span class='ocrx_word' id='word_1_228' title='bbox 1242 2415 1599 2486; x_wconf 83' lang='lat' dir='ltr'>munitioque</span> <span class='ocrx_word' id='word_1_229' title='bbox 1632 2412 1911 2470; x_wconf 81' lang='lat' dir='ltr'>defendit.</span> <span class='ocrx_word' id='word_1_230' title='bbox 1962 2415 2185 2486; x_wconf 77' lang='lat' dir='ltr'>„Totis</span> 
     </span>
     <span class='ocr_line' id='line_1_30' title="bbox 366 2489 2190 2564; baseline 0.005 -21"><span class='ocrx_word' id='word_1_231' title='bbox 366 2489 689 2560; x_wconf 80' lang='lat' dir='ltr'>trepidatur</span> <span class='ocrx_word' id='word_1_232' title='bbox 730 2493 933 2547; x_wconf 83' lang='lat' dir='ltr'>castris</span> <span class='ocrx_word' id='word_1_233' title='bbox 953 2531 972 2562; x_wconf 90' lang='lat'>,</span> <span class='ocrx_word' id='word_1_234' title='bbox 1003 2505 1176 2564; x_wconf 87' lang='lat' dir='ltr'>atque</span> <span class='ocrx_word' id='word_1_235' title='bbox 1215 2493 1361 2548; x_wconf 88' lang='lat' dir='ltr'>alius</span> <span class='ocrx_word' id='word_1_236' title='bbox 1393 2511 1462 2548; x_wconf 83' lang='lat' dir='ltr'>ex</span> <span class='ocrx_word' id='word_1_237' title='bbox 1503 2493 1618 2548; x_wconf 88' lang='lat' dir='ltr'>alio</span> <span class='ocrx_word' id='word_1_238' title='bbox 1662 2509 1887 2548; x_wconf 84' lang='lat' dir='ltr'>causam</span> <span class='ocrx_word' id='word_1_239' title='bbox 1922 2499 2190 2553; x_wconf 81' lang='lat' dir='ltr'>tumultus</span> 
     </span>
     <span class='ocr_line' id='line_1_31' title="bbox 364 2570 2249 2646; baseline 0.003 -22"><span class='ocrx_word' id='word_1_240' title='bbox 364 2570 600 2644; x_wconf 62' lang='lat' dir='ltr'>quaejrit,</span> <span class='ocrx_word' id='word_1_241' title='bbox 633 2589 810 2642; x_wconf 87' lang='lat' dir='ltr'>neque</span> <span class='ocrx_word' id='word_1_242' title='bbox 845 2589 954 2644; x_wconf 90' lang='lat' dir='ltr'>quo</span> <span class='ocrx_word' id='word_1_243' title='bbox 996 2572 1160 2644; x_wconf 81' lang='lat' dir='ltr'>signa</span> <span class='ocrx_word' id='word_1_244' title='bbox 1209 2573 1465 2628; x_wconf 86' lang='lat' dir='ltr'>ferantur</span> <span class='ocrx_word' id='word_1_245' title='bbox 1496 2611 1515 2642; x_wconf 94' lang='lat'>,</span> <span class='ocrx_word' id='word_1_246' title='bbox 1550 2589 1729 2644; x_wconf 87' lang='lat' dir='ltr'>neque</span> <span class='ocrx_word' id='word_1_247' title='bbox 1764 2589 1931 2646; x_wconf 83' lang='lat' dir='ltr'>quam</span> <span class='ocrx_word' id='word_1_248' title='bbox 1963 2575 2019 2629; x_wconf 89' lang='lat' dir='ltr'>in</span> <span class='ocrx_word' id='word_1_249' title='bbox 2057 2590 2192 2644; x_wconf 86' lang='lat' dir='ltr'>par·</span> <span class='ocrx_word' id='word_1_250' title='bbox 2240 2609 2249 2618; x_wconf 89' lang='lat'><strong>·</strong></span> 
     </span>
     <span class='ocr_line' id='line_1_32' title="bbox 331 2650 2184 2726; baseline 0.003 -22"><span class='ocrx_word' id='word_1_251' title='bbox 331 2661 485 2706; x_wconf 83' lang='lat' dir='ltr'>:tem</span> <span class='ocrx_word' id='word_1_252' title='bbox 537 2651 772 2724; x_wconf 87' lang='lat' dir='ltr'>quisque</span> <span class='ocrx_word' id='word_1_253' title='bbox 819 2654 1124 2706; x_wconf 87' lang='lat' dir='ltr'>conveniat</span> <span class='ocrx_word' id='word_1_254' title='bbox 1157 2691 1176 2722; x_wconf 92' lang='lat'>,</span> <span class='ocrx_word' id='word_1_255' title='bbox 1235 2653 1557 2724; x_wconf 86' lang='lat' dir='ltr'>provident.</span> <span class='ocrx_word' id='word_1_256' title='bbox 1621 2653 1787 2706; x_wconf 87' lang='lat' dir='ltr'>Alius</span> <span class='ocrx_word' id='word_1_257' title='bbox 1832 2650 1945 2725; x_wconf 83' lang='lat' dir='ltr'>jam</span> <span class='ocrx_word' id='word_1_258' title='bbox 2013 2670 2184 2726; x_wconf 79' lang='lat' dir='ltr'>capta</span> 
     </span>
     <span class='ocr_line' id='line_1_33' title="bbox 365 2731 2187 2804; baseline 0.001 -18"><span class='ocrx_word' id='word_1_259' title='bbox 365 2744 556 2786; x_wconf 84' lang='lat' dir='ltr'>castra</span> <span class='ocrx_word' id='word_1_260' title='bbox 599 2731 928 2802; x_wconf 87' lang='lat' dir='ltr'>pronuntiat</span> <span class='ocrx_word' id='word_1_261' title='bbox 955 2769 974 2798; x_wconf 93' lang='lat'>,</span> <span class='ocrx_word' id='word_1_262' title='bbox 1015 2731 1158 2786; x_wconf 82' lang='lat' dir='ltr'>alius</span> <span class='ocrx_word' id='word_1_263' title='bbox 1205 2733 1399 2787; x_wconf 83' lang='lat' dir='ltr'>deleto</span> <span class='ocrx_word' id='word_1_264' title='bbox 1440 2731 1735 2802; x_wconf 84' lang='lat' dir='ltr'>exercitu,</span> <span class='ocrx_word' id='word_1_265' title='bbox 1768 2745 1941 2804; x_wconf 71' lang='lat' dir='ltr'>atque</span> <span class='ocrx_word' id='word_1_266' title='bbox 1988 2733 2187 2804; x_wconf 60' lang='lat' dir='ltr'>impe*-</span> 
     </span>
     <span class='ocr_line' id='line_1_34' title="bbox 345 2809 2186 2886; baseline 0.003 -21"><span class='ocrx_word' id='word_1_267' title='bbox 345 2825 606 2878; x_wconf 72' lang='lat' dir='ltr'>,ratore·,</span> <span class='ocrx_word' id='word_1_268' title='bbox 653 2809 906 2866; x_wconf 86' lang='lat' dir='ltr'>victores</span> <span class='ocrx_word' id='word_1_269' title='bbox 942 2810 1214 2867; x_wconf 87' lang='lat' dir='ltr'>barbaros</span> <span class='ocrx_word' id='word_1_270' title='bbox 1268 2811 1487 2866; x_wconf 86' lang='lat' dir='ltr'>venisse</span> <span class='ocrx_word' id='word_1_271' title='bbox 1533 2811 1879 2866; x_wconf 88' lang='lat' dir='ltr'>contendit:</span> <span class='ocrx_word' id='word_1_272' title='bbox 1928 2815 2186 2886; x_wconf 82' lang='lat' dir='ltr'>plerique</span> 
     </span>
     <span class='ocr_line' id='line_1_35' title="bbox 327 2888 2189 2966; baseline 0.001 -18"><span class='ocrx_word' id='word_1_273' title='bbox 327 2921 334 2926; x_wconf 95' lang='lat'>·</span> <span class='ocrx_word' id='word_1_274' title='bbox 362 2889 425 2933; x_wconf 84' lang='lat'>⁴⁰</span> <span class='ocrx_word' id='word_1_275' title='bbox 459 2906 629 2948; x_wconf 81' lang='lat' dir='ltr'>novas</span> <span class='ocrx_word' id='word_1_276' title='bbox 659 2891 770 2945; x_wconf 86' lang='lat' dir='ltr'>sibi</span> <span class='ocrx_word' id='word_1_277' title='bbox 817 2905 886 2946; x_wconf 74' lang='lat' dir='ltr'>ex</span> <span class='ocrx_word' id='word_1_278' title='bbox 915 2893 1047 2945; x_wconf 86' lang='lat' dir='ltr'>loco</span> <span class='ocrx_word' id='word_1_279' title='bbox 1103 2892 1407 2964; x_wconf 87' lang='lat' dir='ltr'>religiones</span> <span class='ocrx_word' id='word_1_280' title='bbox 1462 2889 1681 2966; x_wconf 78' lang='lat' dir='ltr'>fingunt</span> <span class='ocrx_word' id='word_1_281' title='bbox 1705 2929 1724 2959; x_wconf 96' lang='lat'>,</span> <span class='ocrx_word' id='word_1_282' title='bbox 1754 2888 2052 2964; x_wconf 72' lang='lat' dir='ltr'>Cottaeque</span> <span class='ocrx_word' id='word_1_283' title='bbox 2074 2933 2093 2961; x_wconf 89' lang='lat'>,</span> <span class='ocrx_word' id='word_1_284' title='bbox 2121 2903 2189 2950; x_wconf 85' lang='lat' dir='ltr'>et</span> 
     </span>
     <span class='ocr_line' id='line_1_36' title="bbox 361 2967 2186 3046; baseline 0.003 -22"><span class='ocrx_word' id='word_1_285' title='bbox 361 2967 581 3025; x_wconf 85' lang='lat' dir='ltr'>Titurii</span> <span class='ocrx_word' id='word_1_286' title='bbox 613 2969 1041 3041; x_wconf 85' lang='lat' dir='ltr'>calamitatem,</span> <span class='ocrx_word' id='word_1_287' title='bbox 1071 2972 1166 3044; x_wconf 84' lang='lat' dir='ltr'>qui</span> <span class='ocrx_word' id='word_1_288' title='bbox 1203 2974 1267 3026; x_wconf 86' lang='lat' dir='ltr'>i&#39;n</span> <span class='ocrx_word' id='word_1_289' title='bbox 1306 2971 1507 3027; x_wconf 89' lang='lat' dir='ltr'>eodem</span> <span class='ocrx_word' id='word_1_290' title='bbox 1547 2967 1873 3027; x_wconf 85' lang='lat' dir='ltr'>occiderint</span> <span class='ocrx_word' id='word_1_291' title='bbox 1923 2976 2186 3046; x_wconf 80' lang='lat' dir='ltr'>castelle,</span> 
     </span>
    </p>
   </div>
   <div class='ocr_carea' id='block_1_2' title="bbox 347 3132 2189 3326">
    <p class='ocr_par' dir='ltr' id='par_1_2' title="bbox 347 3132 2189 3318">
     <span class='ocr_line' id='line_1_37' title="bbox 347 3132 2189 3190; baseline 0.002 -14"><span class='ocrx_word' id='word_1_292' title='bbox 347 3151 360 3162; x_wconf 85' lang='lat'><strong>·</strong></span> <span class='ocrx_word' id='word_1_293' title='bbox 430 3137 498 3186; x_wconf 79' lang='lat'>39</span> <span class='ocrx_word' id='word_1_294' title='bbox 561 3132 676 3184; x_wconf 69' lang='lat' dir='ltr'>,Qui</span> <span class='ocrx_word' id='word_1_295' title='bbox 701 3133 790 3183; x_wconf 71' lang='lat' dir='ltr'>sub</span> <span class='ocrx_word' id='word_1_296' title='bbox 820 3135 1020 3178; x_wconf 68' lang='lat' dir='ltr'>vallum</span> <span class='ocrx_word' id='word_1_297' title='bbox 1070 3135 1242 3180; x_wconf 74' lang='lat' dir='ltr'>tende·-</span> <span class='ocrx_word' id='word_1_298' title='bbox 1398 3133 1637 3180; x_wconf 64' lang='lat' dir='ltr'>Exi-‚edere</span> <span class='ocrx_word' id='word_1_299' title='bbox 1658 3134 1804 3190; x_wconf 79' lang='lat' dir='ltr'>urbe,</span> <span class='ocrx_word' id='word_1_300' title='bbox 1842 3141 1892 3180; x_wconf 76' lang='lat' dir='ltr'>er</span> <span class='ocrx_word' id='word_1_301' title='bbox 1920 3133 2109 3181; x_wconf 78' lang='lat' dir='ltr'>tendere</span> <span class='ocrx_word' id='word_1_302' title='bbox 2134 3135 2189 3180; x_wconf 70' lang='lat' dir='ltr'>in</span> 
     </span>
     <span class='ocr_line' id='line_1_38' title="bbox 362 3193 1483 3260; baseline 0.002 -20"><span class='ocrx_word' id='word_1_303' title='bbox 362 3203 488 3240; x_wconf 74' lang='lat' dir='ltr'>rent.</span> <span class='ocrx_word' id='word_1_304' title='bbox 511 3193 532 3244; x_wconf 93' lang='lat'><em>)</em></span> <span class='ocrx_word' id='word_1_305' title='bbox 567 3195 800 3241; x_wconf 72' lang='lat' dir='ltr'>Tentoria</span> <span class='ocrx_word' id='word_1_306' title='bbox 839 3194 1104 3254; x_wconf 74' lang='lat' dir='ltr'>haberent.</span> <span class='ocrx_word' id='word_1_307' title='bbox 1129 3195 1243 3243; x_wconf 83' lang='lat' dir='ltr'>Vir·</span> <span class='ocrx_word' id='word_1_308' title='bbox 1304 3193 1483 3260; x_wconf 43' lang='lat' dir='ltr'>eampo.</span> 
     </span>
     <span class='ocr_line' id='line_1_39' title="bbox 361 3253 2189 3326; baseline 0.004 -27"><span class='ocrx_word' id='word_1_309' title='bbox 361 3253 452 3314; x_wconf 73' lang='lat' dir='ltr'>gii.</span> <span class='ocrx_word' id='word_1_310' title='bbox 480 3257 592 3301; x_wconf 81' lang='lat' dir='ltr'>AEn.</span> <span class='ocrx_word' id='word_1_311' title='bbox 613 3263 692 3301; x_wconf 77' lang='grc' dir='ltr'>ιι.</span> <span class='ocrx_word' id='word_1_312' title='bbox 713 3269 842 3304; x_wconf 85' lang='lat' dir='ltr'>vers.</span> <span class='ocrx_word' id='word_1_313' title='bbox 874 3268 958 3314; x_wconf 88' lang='lat'>29.</span> <span class='ocrx_word' id='word_1_314' title='bbox 1372 3271 1441 3316; x_wconf 82' lang='lat'>40</span> <span class='ocrx_word' id='word_1_315' title='bbox 1506 3262 1685 3306; x_wconf 81' lang='lat' dir='ltr'>Novas</span> <span class='ocrx_word' id='word_1_316' title='bbox 1703 3258 2189 3326; x_wconf 52' lang='lat' dir='ltr'>religiones-Hiems,</span> 
     </span>
    </p>
   </div>
   <div class='ocr_carea' id='block_1_3' title="bbox 363 3314 2188 3437">
    <p class='ocr_par' dir='ltr' id='par_1_3' title="bbox 363 3314 2188 3437">
     <span class='ocr_line' id='line_1_40' title="bbox 459 3314 2188 3402; baseline 0.007 -42"><span class='ocrx_word' id='word_1_317' title='bbox 459 3317 548 3360; x_wconf 67' lang='lat' dir='ltr'>Hic</span> <span class='ocrx_word' id='word_1_318' title='bbox 583 3331 745 3364; x_wconf 65' lang='lat' dir='ltr'><em>savus</em></span> <span class='ocrx_word' id='word_1_319' title='bbox 776 3322 993 3368; x_wconf 69' lang='lat' dir='ltr'>ter-deluat</span> <span class='ocrx_word' id='word_1_320' title='bbox 1022 3325 1245 3372; x_wconf 77' lang='lat' dir='ltr'>Achilles.</span> <span class='ocrx_word' id='word_1_321' title='bbox 1311 3329 1364 3370; x_wconf 86' lang='lat' dir='ltr'>et</span> <span class='ocrx_word' id='word_1_322' title='bbox 1385 3321 1521 3370; x_wconf 83' lang='lat' dir='ltr'>mala</span> <span class='ocrx_word' id='word_1_323' title='bbox 1543 3321 1717 3370; x_wconf 79' lang='lat' dir='ltr'>omnia</span> <span class='ocrx_word' id='word_1_324' title='bbox 1735 3332 1803 3402; x_wconf 66' lang='lat' dir='ltr'>eut</span> <span class='ocrx_word' id='word_1_325' title='bbox 1815 3323 1931 3371; x_wconf 79' lang='lat' dir='ltr'>loco</span> <span class='ocrx_word' id='word_1_326' title='bbox 1947 3314 2188 3372; x_wconf 71' lang='lat' dir='ltr'>infausto.</span> 
     </span>
     <span class='ocr_line' id='line_1_41' title="bbox 363 3377 998 3437; baseline 0.002 -10"><span class='ocrx_word' id='word_1_327' title='bbox 363 3377 574 3427; x_wconf 79' lang='lat' dir='ltr'>Curtius</span> <span class='ocrx_word' id='word_1_328' title='bbox 609 3393 659 3426; x_wconf 76' lang='grc' dir='ltr'>κ.</span> <span class='ocrx_word' id='word_1_329' title='bbox 689 3391 739 3437; x_wconf 68' lang='lat'>&#39;2¹‘</span> <span class='ocrx_word' id='word_1_330' title='bbox 778 3392 912 3430; x_wconf 67' lang='lat' dir='ltr'>eutr.</span> <span class='ocrx_word' id='word_1_331' title='bbox 991 3407 998 3412; x_wconf 94' lang='lat'>-</span> 
     </span>
    </p>
   </div>
  </div>
 </body>
</html>
