2459 3834
462 96 618 179 ‚370
991 94 1100 147 DE
1125 94 1389 153 212sz
1450 94 1779 155 &Am-100

457 185 646 238 solnm
693 182 754 236 ι’
775 188 942 235 tanta
990 176 1362 235 multitudine
1407 176 1833 253 jumentorum,
1878 186 2052 255 atque
2092 176 2327 239 homi-

461 276 602 315 num
651 258 1162 328 consumebantur,
1209 258 1311 317 aed
1359 260 1539 316 etiam
1589 259 1728 317 anni
1782 271 2094 333 tempore,
2126 275 2329 333 atque

462 338 748 397 imbribus
796 338 1211 412 procubuerant
1238 378 1259 409 ,
1302 350 1364 395 ut
1403 340 1453 395 si
1503 339 1603 413 qui
1640 339 1819 397 etiam
1871 340 1929 395 in
1994 343 2327 413 praesentia

461 434 532 475 oe
563 424 985 491 emanassent,
1029 431 1224 475 tamen
1276 418 1349 475 iis
1382 419 1672 495 ,jdeducto
1728 421 1988 478 exercitu
2019 462 2038 493 ,
2092 439 2311 479 rerum

465 501 726 555 omnium
767 500 963 573 inopia
1016 498 1361 571 pereundum
1396 499 1710 557 videretur.
1740 498 1831 559 Ac
1865 518 2009 573 aaepe
2048 502 2113 556 in
2164 519 2317 558 eum

469 581 660 636 locum
701 592 933 635 ventum
964 591 1052 635 est
1083 616 1102 648 ,
1135 590 1302 634 tanto
1345 579 1407 635 in
1441 597 1639 637 omnes
1670 594 1861 652 partes
1909 581 2103 637 diviso
2134 583 2321 653 equi-

459 668 598 715 tatu
620 700 641 731 ‚
681 674 740 717 ut
788 676 901 715 non
951 658 1121 717 modo
1172 658 1356 714 visum
1396 660 1469 717 ab
1512 677 1575 717 se
1612 658 2013 735 Ambiorigem
2052 662 2115 715 in
2142 660 2315 736 ,fuga

469 740 694 813 captivi
715 779 736 811 ,
763 740 860 797 sed
893 757 1002 795 nec
1049 740 1215 813 plane
1244 738 1427 795 etiam
1464 739 1650 797 abisse
1689 758 1760 799 ex
1802 753 2115 812 conspectu
2146 759 2315 799 con-

469 820 818 877 tenderent:
861 833 923 876 ut
957 836 1058 893 spe
1085 820 1468 893 consequendi
1500 820 1661 877 illata
1683 860 1702 891 ,
1742 832 1915 895 atque
1947 818 2182 878 infinito
2216 824 2319 877 la.-

469 896 609 957 bore
639 912 900 973 suscepto
921 940 943 973 ,
975 899 1156 974 quise
1185 915 1465 956 summam
1504 917 1539 956 a
1572 898 1796 956 Caesare
1826 900 2073 975 gratiam
2106 902 2317 959 initu-

469 996 568 1037 ros
605 992 870 1053 putarent
890 1021 911 1053 ,
943 996 1086 1053 pene
1114 970 1377 1035 naturum
1409 978 1599 1038 studio
1638 982 1939 1036 vincerent
1963 1020 1984 1052 ‚
2026 998 2314 1052 semper-

463 1076 582 1134 que
628 1066 851 1134 paulum
891 1062 966 1115 ad
1001 1076 1278 1123 summam
1323 1059 1667 1117 felicitatem
1696 1060 1946 1117 defuisse
1973 1061 2307 1118 videretur:

470 1152 646 1216 atque
693 1143 794 1197 ille
835 1140 1110 1211 latebris,
1147 1156 1216 1195 ac
1264 1133 1431 1195 'silvis
1453 1180 1473 1211 ,
1522 1152 1623 1196 aut
1660 1141 1895 1197 saltibus
1934 1158 1993 1197 se
2019 1141 2310 1213 eriperet,

471 1232 533 1275 et
565 1234 736 1279 noctu
786 1225 1104 1277 occultatus
1144 1218 1289 1275 alias
1341 1220 1645 1292 regiones,
1694 1234 1996 1295 partesque
2050 1233 2309 1293 peteret,

471 1315 586 1357 non
633 1300 846 1377 majore
895 1300 1151 1375 equitum
1197 1300 1461 1372 praesidio
1492 1339 1511 1369 ,
1558 1314 1729 1373 quam
1778 1300 2119 1371 'lvr-fflibus
2162 1302 2305 1359 solis

354 1404 434 1467 44
473 1379 656 1438 vitam
715 1399 872 1438 suam
913 1382 1283 1438 committere
1331 1379 1593 1435 audebat.
1653 1379 1791 1437 Tali
1841 1380 2013 1437 modo
2052 1382 2305 1437 vastatis

472 1462 829 1535 regionibuS,
870 1463 1186 1517 exercitum
1235 1456 1427 1515 Caesar
1456 1498 1477 1531 ,
1510 1460 1747 1515 duarum
1802 1460 2131 1517 cohortium
2191 1462 2300 1517 da-

470 1558 646 1615 mno,
688 1540 1096 1603 Durocortum,
1124 1540 1478 1600 Rhemorum
1530 1540 1752 1603 reducit
1782 1558 1797 1597 ε
1830 1540 2196 1615 concilioque
2244 1542 2308 1597 in
2392 1536 2400 1562 ’“

471 1638 600 1677 eum
653 1624 837 1678 locum
879 1620 1083 1677 Galliae
1136 1620 1401 1689 indicto,
1437 1620 1511 1673 de
1560 1620 1951 1692 conjuratIone
1992 1618 2305 1693 Senonum,

469 1714 536 1759 et
577 1700 896 1759 Carnutum
947 1701 1317 1775 quaestionem
1360 1699 1570 1756 habere
1612 1700 1913 1773 instituit;
1952 1713 2011 1755 et
2051 1700 2124 1756 de
2170 1700 2309 1757 Ac·-

473 1798 617 1839 cone
637 1822 658 1854 ,
698 1784 796 1858 qui
849 1783 1111 1855 princeps
1160 1777 1279 1853 ejus
1318 1779 1545 1835 consilii
1584 1778 1815 1851 fuerat,
1852 1780 2123 1853 graviore
2160 1797 2307 1835 sen-

472 1864 663 1919 tentia
707 1863 1070 1934 pronuntiata
1111 1877 1272 1916 more
1323 1858 1599 1933 majorum
1646 1860 1990 1934 supplicium
2031 1862 2301 1933 sumpsit.

473 1939 752 1999 Nonnulli
779 1941 1053 2015 judicium
1085 1940 1260 1995 veriti
1303 1938 1675 2012 profugerunt
1697 1977 1719 2009 ,
1746 1940 1951 2013 quibus
1970 1956 2103 2001 cum
2133 1955 2301 2012 aqua,

475 2033 650 2095 atque
697 2022 816 2095 igni
853 2020 1249 2084 interd-ixisset
1274 2058 1293 2091 ,
1330 2036 1423 2075 11.
1456 2020 1710 2094 legiones
1752 2020 1824 2074 ad
1860 2016 2000 2077 fines
2024 2016 2307 2075 Treviro-

480 2117 653 2172 rum,
708 2118 797 2157 ιι.
841 2100 898 2155 in
950 2097 1346 2173 Lingonibus,
1386 2118 1463 2154 v1.
1516 2101 1761 2173 reliquas
1803 2095 1863 2153 in
1906 2096 2193 2179 Senonum
2224 2097 2307 2153 fl·-

481 2182 648 2239 nibus
709 2179 993 2255 Agendici
1041 2182 1104 2236 in
1165 2177 1421 2233 hibernis
1492 2178 1799 2235 collocavit
1841 2217 1864 2249 ,Α
1910 2176 2308 2253 frumentoque

483 2262 764 2319 exercitui
801 2261 1060 2332 proviso,
1090 2270 1152 2317 ut
1182 2259 1553 2332 instituerat,
1580 2258 1644 2317 in
1670 2258 1903 2318 Italiam
1930 2257 2007 2317 ad
2056 2274 2309 2336 conven-

463 2353 578 2399 -tus
619 2341 870 2419 agendos
907 2339 1196 2415 profectus
1244 2350 1353 2397 est.
