2459 3834
256 2166 333 2229 ²3

374 72 471 127 10
879 78 1000 133 DE
1029 76 1274 133 untho
1302 77 1633 133 GALLtco

363 156 618 229 appellat
636 174 704 215 ur
731 156 1068 235 Tigurinus:
1100 176 1232 215 nam
1260 160 1447 216 omnis
1484 161 1697 217 civitas
1724 159 1994 219 Helvetia
2025 166 2083 209 ²⁹
2132 163 2201 221 in

362 250 610 308 quatuor
639 256 813 313 pagos
831 240 1020 297 divisa
1039 252 1146 297 est.
1175 240 1293 296 Hic
1316 256 1490 314 pagus
1510 257 1673 309 unus,
1688 256 1819 298 eum
1841 242 2014 300 domo
2035 244 2199 299 exis-

361 327 476 387 set,
507 330 734 389 patrum
757 332 1088 379 nostrorum
1107 320 1421 392 memoria,
1446 322 1507 363 ³0
1528 320 1597 375 L.
1614 317 1881 377 Cassium
1906 328 2197 381 consulem
2246 382 2255 397 ,

363 393 737 456 interfecerat
751 439 774 473 ,
793 413 852 457 et
873 399 990 474 ejus
1009 402 1326 459 exercitum
1349 400 1659 475 subjugum
1682 400 1943 457 miserat.
1962 402 1986 457 1
1994 419 2051 459 ta
2072 404 2199 461 sive

348 489 498 547 =casu
527 516 550 548 ,
589 479 714 537 sive
739 481 988 537 consilio
1005 480 1245 538 deorum
1290 480 1682 537 inmortalium
1703 520 1729 553 ,
1752 499 1873 555 quae
1920 499 2049 553 pars
2090 484 2191 538 ci·-

361 555 572 615 vitatis
622 559 902 617 Helvetiae
950 561 1243 635 ‚insignem
1298 560 1695 617 calamitatem
1766 564 1956 634 popul.
2020 564 2190 619 Rom.

359 632 642 693 intulerat
667 678 688 712 ‚
705 656 775 697 ea
807 642 864 685 3¹
892 641 1156 714 princeps
1189 656 1383 713 poenas
1408 642 1722 713 persolvit:
1754 658 1865 715 qua
1886 642 1947 697 in
1972 660 2035 699 re
2063 642 2193 698 Cae..

361 730 461 771 sar
487 733 598 774 non
627 722 810 777 solum
843 720 1118 793 publicas,
1147 721 1247 777 sed
1276 720 1458 775 etiam
1490 720 1749 793 privatas
1778 720 2014 795 injurias
2040 728 2196 785 ultue

361 799 644 869 est,quod
674 800 790 873 ejus
821 802 1006 857 soceri
1037 801 1101 857 L.
1135 800 1365 857 Pisonis
1392 816 1596 872 avum,
1628 800 1693 857 1..
1714 800 1983 857 Pisonem
2006 800 2193 876 Lega-

363 884 488 933 tum
509 876 776 953 Tigurini
805 881 1008 939 eodem
1041 882 1257 955 praelio,
1282 897 1397 955 quo
1407 877 1705 953 Cassium,
1733 880 2170 939 interfecerant.

424 1028 497 1076 29
559 1027 620 1069 In
637 1033 840 1083 quatuor
850 1038 1022 1085 pagos.
1043 1025 1065 1078 )
1088 1029 1144 1073 In
1162 1031 1242 1073 tot
1302 1023 1453 1085 cipua
1473 1058 1489 1083 ‚
1516 1030 1570 1073 et
1596 1024 1869 1085 singularis
1900 1020 2049 1083 hujus
2088 1038 2190 1077 vo·

405 1084 719 1133 raestcturas:
746 1086 898 1136 hodie
917 1094 1139 1137 cantens.
1161 1088 1243 1137 Sic
1304 1087 1377 1136 cis
1404 1088 1546 1135 notio
1568 1088 1878 1136 vindicatur.

389 1148 500 1197 nfra
531 1146 629 1197 hoc
665 1150 795 1198 libro
814 1186 829 1209 ‚
856 1165 970 1212 cap.
1001 1155 1082 1200 18.
1119 1160 1246 1200 sect.
1372 1162 1442 1210 30
1492 1156 1549 1197 L.
1570 1155 1793 1199 Carsium
1812 1152 2091 1213 consulem.)
2108 1155 2193 1203 Su·

363 1223 454 1272 37.
491 1216 612 1271 pagi
640 1226 820 1261 emtum
859 1222 1122 1264 Suevorum
1150 1229 1166 1261 t
1191 1224 1247 1266 et
1306 1226 1401 1274 pra
1430 1226 1545 1275 cap.
1573 1228 1625 1273 4.
1652 1222 1775 1265 sect.
1798 1228 1846 1273 7.

364 1274 456 1325 lib,
493 1288 570 1323 xv.
600 1288 710 1336 cap.
743 1288 821 1326 12.
851 1288 972 1327 sect.
999 1288 1084 1326 22.
1122 1280 1241 1339 page·
1370 1286 1434 1337 31
1501 1278 1731 1334 Princeps
1780 1292 1949 1337 poenas
1990 1284 2192 1339 persol-

363 1341 664 1387 Morinorum
703 1335 977 1401 dicuntur,
1017 1341 1106 1403 qul
1145 1354 1241 1389 ve-
1304 1342 1400 1388 vit.
1420 1339 1447 1393 )
1486 1340 1657 1388 Prima
1705 1340 1951 1399 persolvit
1989 1354 2191 1402 paeuam

365 1413 428 1449 ro
477 1414 576 1449 nou
649 1402 887 1452 videntur
937 1405 1246 1465 amplitudi-
1307 1414 1367 1451 ea
1398 1414 1545 1463 pars,
1570 1410 1843 1465 antequam
1872 1403 1997 1452 alios
2021 1418 2193 1465 pagos,

365 1475 487 1513 nem
514 1465 867 1515 Helvetiorum
911 1478 1157 1528 pagorum
1191 1481 1253 1515 a-
1306 1465 1498 1515 fiumen
1534 1464 1638 1523 iam
1676 1472 2007 1529 transgressos
2028 1502 2045 1529 ,
2071 1470 2191 1517 Cae·

365 1526 625 1591 daequasse
643 1562 664 1589 ,
687 1537 862 1591 utpote
888 1530 1070 1593 quibus
1107 1543 1249 1593 prae-
1309 1540 1392 1577 sar
1420 1529 1795 1589 aggrederetur.
2108 1548 2114 1554 ·

905 1636 1558 1730 'cAPurlx

367 1826 528 1888 Pom
553 1830 616 1887 ἱη
637 1828 843 1890 Arare
864 1833 1036 1905 jussu
1057 1829 1315 1889 Caesarie
1328 1828 1432 1905 fit,
1450 1832 1533 1889 ad
1555 1848 1715 1911 quem
1739 1831 1934 1911 legati
1954 1832 2193 1895 Helve-

447 1912 658 1969 tiorum
681 1913 843 1971 missi
874 1930 890 1969 ε
931 1911 1183 1970 Caesaris
1210 1914 1504 1985 responsio
1524 1914 1604 1971 ad
1627 1912 1905 1991 legato-rt
1940 1912 2017 1971 H
2014 1913 2116 1971 el-

823 1994 1106 2051 vetiorum
1146 2008 1263 2052 mos
1292 1996 1451 2049 circa
1487 1992 1735 2051 obsides.

491 2084 694 2211 Hoc
733 2154 932 2227 praelio
957 2153 1112 2224 facto
1133 2192 1154 2225 ,
1183 2153 1431 2227 reliquas
1458 2152 1657 2227 copias
1684 2152 2084 2211 Helvetiorum
2128 2164 2197 2213 ut

366 2234 637 2311 consequi
671 2248 880 2305 posset,
909 2249 1142 2308 pontem
1171 2234 1230 2287 in
1252 2230 1437 2290 Arare
1456 2232 1780 2289 faciendum
1809 2246 1994 2305 curat,
2020 2247 2195 2309 atque

367 2316 460 2374 ita
485 2315 799 2375 exercitum
817 2313 1168 2370 transducit.
1202 2312 1462 2383 Helvetii
1494 2314 1797 2387 repentino
1823 2312 1939 2387 ejus
1966 2315 2197 2369 adven·-

371 2406 439 2453 tu
458 2396 756 2465 commoti,
775 2412 904 2451 cum
933 2395 991 2451 id
1008 2393 1186 2469 quod,
1207 2393 1323 2466 ipsi
1342 2392 1547 2449 diebus
1562 2410 1657 2449 xx.
1674 2394 1968 2467 aegerrime
1988 2394 2198 2451 conse-

373 2489 596 2548 cet-ant,
609 2488 673 2531 ut
703 2473 910 2534 flumen
943 2474 1281 2545 transirent,
1296 2473 1459 2529 illum
1485 2490 1599 2531 uno
1616 2473 1712 2540 die
1732 2473 1935 2529 fecisse
1961 2473 2197 2529 intelli-

375 2570 608 2633 gerent,
638 2559 858 2629 legatos
887 2555 958 2610 ad
989 2570 1122 2609 eum
1148 2554 1423 2625 mittunt,
1454 2552 1609 2627 cujus
1638 2552 1948 2626 legationis
1973 2551 2195 2610 Divico

375 2636 642 2711 princeps
687 2634 799 2691 fuit
830 2675 851 2707 ‚
903 2634 999 2709 qui
1052 2636 1108 2678 ³²
1139 2632 1291 2689 bello
1340 2630 1617 2691 Cassiano
1644 2634 1761 2688 dux
1788 2632 2195 2688 Helvetiorum

375 2716 584 2773 fuerat.
625 2716 682 2771 Is
721 2716 802 2770 ita
831 2732 957 2771 cum
981 2712 1208 2771 Caesare
1225 2713 1389 2787 egit:
1430 2711 1545 2769 “Si
1579 2716 2042 2785 pacempopulus
2072 2712 2199 2769 Ro-

276 2807 283 2815 ·
375 2813 574 2855 manus
603 2813 732 2852 eum
753 2794 1040 2851 Helvetiis
1058 2793 1301 2865 faceret,
1324 2793 1382 2847 in
1403 2808 1531 2849 eam
1552 2806 1774 2865 partem
1802 2794 2005 2863 iturus,
2024 2803 2201 2865 atque

374 2876 462 2945 ibi
490 2877 709 2934 futuros
731 2876 1030 2933 Helvetios
1054 2913 1075 2947 ‚
1105 2872 1197 2929 ubi
1229 2889 1327 2931 eos
1345 2869 1536 2941 Casan·
1563 2871 1955 2929 constituisset
1973 2910 1995 2943 ‚
2022 2883 2201 2945 atque

373 2971 498 3013 esse
539 2957 830 3027 voluisset:
859 2956 948 3012 sin
995 2954 1145 3011 bello
1177 2952 1439 3028 persequi
1470 2964 1861 3026 perseveraret
1891 2990 1912 3022 ‚
1947 2951 2201 3007 remini-

370 3048 625 3095 scer-etur
643 3048 705 3092 et
725 3037 940 3093 veteris
969 3034 1327 3093 incommodi
1350 3034 1548 3108 populi
1564 3032 1836 3103 Romani,
1854 3041 1915 3087 et
1942 3030 2201 3103 pristinae

439 3180 508 3229 32
569 3172 702 3221 Bello
741 3170 968 3217 cassiano
1006 3169 1107 3216 duz-
1131 3170 1249 3221 fue-
1310 3165 1447 3215 hunc
1466 3164 1769 3213 Divicouem
1788 3161 2058 3225 fuisse‚qui
2076 3141 2201 3211 eum

367 3232 509 3293 eet.)
549 3234 708 3290 Bello,
729 3244 829 3293 quo
843 3230 1106 3281 L.Cassius
1125 3230 1248 3279 iute-
1312 3242 1409 3279 avo
1463 3226 1621 3277 soceri
1663 3228 1876 3277 Caesaris
1934 3224 2199 3289 quondam
2236 3288 2241 3293 ι

365 3294 470 3345 tiit.
493 3298 705 3356 oportet
722 3301 894 3344 autem
913 3293 1253 3357 grandaevum
1312 3292 1509 3345 bellum
1532 3297 1771 3355 gesserat.
