<?xml version="1.0" encoding="UTF-8"?>
<!DOCTYPE html PUBLIC "-//W3C//DTD XHTML 1.0 Transitional//EN"
    "http://www.w3.org/TR/xhtml1/DTD/xhtml1-transitional.dtd">
<html xmlns="http://www.w3.org/1999/xhtml" xml:lang="en" lang="en">
 <head>
  <title>
</title>
<meta http-equiv="Content-Type" content="text/html;charset=utf-8" />
  <meta name='ocr-system' content='tesseract 3.04.00' />
  <meta name='ocr-capabilities' content='ocr_page ocr_carea ocr_par ocr_line ocrx_word'/>
</head>
<body>
  <div class='ocr_page' id='page_1' title='image "./cjuliicsariscom00lagogoog/cjuliicsariscom00lagogoog_0501.png"; bbox 0 0 2459 3834; ppageno 0'>
   <div class='ocr_carea' id='block_1_1' title="bbox 133 102 2033 761">
    <p class='ocr_par' dir='ltr' id='par_1_1' title="bbox 133 102 2033 761">
     <span class='ocr_line' id='line_1_1' title="bbox 151 102 2005 185; baseline -0.006 -12"><span class='ocrx_word' id='word_1_1' title='bbox 151 176 160 185; x_wconf 62' lang='grc'><strong><em>,</em></strong></span> <span class='ocrx_word' id='word_1_2' title='bbox 717 116 724 120; x_wconf 89' lang='grc'><em>·</em></span> <span class='ocrx_word' id='word_1_3' title='bbox 787 112 940 169; x_wconf 73' lang='grc' dir='ltr'>ιω.</span> <span class='ocrx_word' id='word_1_4' title='bbox 995 113 1069 165; x_wconf 78' lang='lat' dir='ltr'>A.</span> <span class='ocrx_word' id='word_1_5' title='bbox 1122 108 1397 167; x_wconf 72' lang='lat' dir='ltr'>muru.</span> <span class='ocrx_word' id='word_1_6' title='bbox 1854 102 2005 181; x_wconf 81' lang='lat'>491</span> 
     </span>
     <span class='ocr_line' id='line_1_2' title="bbox 133 188 2020 275; baseline -0.009 -14"><span class='ocrx_word' id='word_1_7' title='bbox 133 216 226 261; x_wconf 76' lang='lat' dir='ltr'>ne</span> <span class='ocrx_word' id='word_1_8' title='bbox 259 198 528 275; x_wconf 80' lang='lat' dir='ltr'>periculo</span> <span class='ocrx_word' id='word_1_9' title='bbox 553 193 758 273; x_wconf 75' lang='lat' dir='ltr'>vagari</span> <span class='ocrx_word' id='word_1_10' title='bbox 793 208 1101 271; x_wconf 74' lang='lat' dir='ltr'>poterantt</span> <span class='ocrx_word' id='word_1_11' title='bbox 1137 210 1321 267; x_wconf 84' lang='lat' dir='ltr'>neque</span> <span class='ocrx_word' id='word_1_12' title='bbox 1352 190 1601 265; x_wconf 76' lang='lat' dir='ltr'>amplius</span> <span class='ocrx_word' id='word_1_13' title='bbox 1639 188 1825 248; x_wconf 85' lang='lat' dir='ltr'>millia</span> <span class='ocrx_word' id='word_1_14' title='bbox 1873 205 2020 260; x_wconf 86' lang='lat' dir='ltr'>pas-</span> 
     </span>
     <span class='ocr_line' id='line_1_3' title="bbox 137 270 2018 351; baseline -0.01 -10"><span class='ocrx_word' id='word_1_15' title='bbox 137 299 328 341; x_wconf 75' lang='lat' dir='ltr'>suum</span> <span class='ocrx_word' id='word_1_16' title='bbox 359 295 440 338; x_wconf 76' lang='lat' dir='ltr'>vx.</span> <span class='ocrx_word' id='word_1_17' title='bbox 471 292 640 337; x_wconf 76' lang='lat' dir='ltr'>terrae</span> <span class='ocrx_word' id='word_1_18' title='bbox 669 275 884 333; x_wconf 82' lang='lat' dir='ltr'>Africae</span> <span class='ocrx_word' id='word_1_19' title='bbox 913 272 1341 351; x_wconf 76' lang='lat' dir='ltr'>quoquoversus</span> <span class='ocrx_word' id='word_1_20' title='bbox 1376 277 1647 331; x_wconf 86' lang='lat' dir='ltr'>tenebant</span> <span class='ocrx_word' id='word_1_21' title='bbox 1665 313 1686 345; x_wconf 91' lang='lat'>‚</span> <span class='ocrx_word' id='word_1_22' title='bbox 1710 270 2018 346; x_wconf 70' lang='lat' dir='ltr'>pabulique</span> 
     </span>
     <span class='ocr_line' id='line_1_4' title="bbox 141 351 2017 436; baseline -0.009 -17"><span class='ocrx_word' id='word_1_23' title='bbox 141 362 364 436; x_wconf 85' lang='lat' dir='ltr'>inopia</span> <span class='ocrx_word' id='word_1_24' title='bbox 394 359 819 435; x_wconf 80' lang='lat' dir='ltr'>premebantur.</span> <span class='ocrx_word' id='word_1_25' title='bbox 851 356 982 431; x_wconf 86' lang='lat' dir='ltr'>Qua</span> <span class='ocrx_word' id='word_1_26' title='bbox 1012 357 1361 413; x_wconf 76' lang='lat' dir='ltr'>necessitate</span> <span class='ocrx_word' id='word_1_27' title='bbox 1387 356 1578 413; x_wconf 86' lang='lat' dir='ltr'>coacti</span> <span class='ocrx_word' id='word_1_28' title='bbox 1602 353 1868 409; x_wconf 85' lang='lat' dir='ltr'>veterani</span> <span class='ocrx_word' id='word_1_29' title='bbox 1892 351 2017 403; x_wconf 83' lang='lat' dir='ltr'>mi-</span> 
     </span>
     <span class='ocr_line' id='line_1_5' title="bbox 145 435 2017 517; baseline -0.008 -18"><span class='ocrx_word' id='word_1_30' title='bbox 145 443 300 501; x_wconf 78' lang='lat' dir='ltr'>lites</span> <span class='ocrx_word' id='word_1_31' title='bbox 324 481 345 514; x_wconf 85' lang='lat'>‚</span> <span class='ocrx_word' id='word_1_32' title='bbox 373 443 710 517; x_wconf 75' lang='lat' dir='ltr'>equitesque</span> <span class='ocrx_word' id='word_1_33' title='bbox 731 478 752 510; x_wconf 87' lang='lat'><strong>,</strong></span> <span class='ocrx_word' id='word_1_34' title='bbox 799 441 900 512; x_wconf 86' lang='lat' dir='ltr'>qui</span> <span class='ocrx_word' id='word_1_35' title='bbox 949 440 1133 495; x_wconf 84' lang='lat' dir='ltr'>multa</span> <span class='ocrx_word' id='word_1_36' title='bbox 1188 454 1344 493; x_wconf 84' lang='lat' dir='ltr'>terra</span> <span class='ocrx_word' id='word_1_37' title='bbox 1365 477 1385 509; x_wconf 86' lang='lat'>‚</span> <span class='ocrx_word' id='word_1_38' title='bbox 1416 437 1679 509; x_wconf 82' lang='lat' dir='ltr'>marique</span> <span class='ocrx_word' id='word_1_39' title='bbox 1700 435 1853 489; x_wconf 80' lang='lat' dir='ltr'>bella</span> <span class='ocrx_word' id='word_1_40' title='bbox 1874 446 2017 489; x_wconf 84' lang='lat' dir='ltr'>eou-</span> 
     </span>
     <span class='ocr_line' id='line_1_6' title="bbox 149 518 2018 597; baseline -0.007 -16"><span class='ocrx_word' id='word_1_41' title='bbox 149 522 442 581; x_wconf 72' lang='lat' dir='ltr'>fecieseut</span> <span class='ocrx_word' id='word_1_42' title='bbox 462 560 484 595; x_wconf 87' lang='lat'>‚</span> <span class='ocrx_word' id='word_1_43' title='bbox 527 536 590 578; x_wconf 86' lang='lat' dir='ltr'>et</span> <span class='ocrx_word' id='word_1_44' title='bbox 619 519 892 593; x_wconf 83' lang='lat' dir='ltr'>periculis</span> <span class='ocrx_word' id='word_1_45' title='bbox 911 557 932 590; x_wconf 89' lang='lat'><strong>,</strong></span> <span class='ocrx_word' id='word_1_46' title='bbox 985 518 1295 592; x_wconf 84' lang='lat' dir='ltr'>inopiaque</span> <span class='ocrx_word' id='word_1_47' title='bbox 1328 519 1431 573; x_wconf 87' lang='lat' dir='ltr'>tali</span> <span class='ocrx_word' id='word_1_48' title='bbox 1462 534 1611 589; x_wconf 82' lang='lat' dir='ltr'>saepe</span> <span class='ocrx_word' id='word_1_49' title='bbox 1640 528 1834 597; x_wconf 45' lang='lat' dir='ltr'>essen-t</span> <span class='ocrx_word' id='word_1_50' title='bbox 1866 530 2018 569; x_wconf 83' lang='lat' dir='ltr'>con-</span> 
     </span>
     <span class='ocr_line' id='line_1_7' title="bbox 151 596 2033 677; baseline -0.004 -16"><span class='ocrx_word' id='word_1_51' title='bbox 151 602 384 661; x_wconf 75' lang='lat' dir='ltr'>flictati</span> <span class='ocrx_word' id='word_1_52' title='bbox 409 643 428 674; x_wconf 91' lang='lat'><strong><em>,</em></strong></span> <span class='ocrx_word' id='word_1_53' title='bbox 457 605 590 677; x_wconf 81' lang='lat' dir='ltr'>alga</span> <span class='ocrx_word' id='word_1_54' title='bbox 619 618 655 656; x_wconf 85' lang='lat' dir='ltr'>e</span> <span class='ocrx_word' id='word_1_55' title='bbox 676 601 849 657; x_wconf 86' lang='lat' dir='ltr'>litore</span> <span class='ocrx_word' id='word_1_56' title='bbox 869 601 1116 656; x_wconf 85' lang='lat' dir='ltr'>collecta</span> <span class='ocrx_word' id='word_1_57' title='bbox 1137 638 1157 670; x_wconf 89' lang='lat'><strong>,</strong></span> <span class='ocrx_word' id='word_1_58' title='bbox 1187 612 1247 654; x_wconf 90' lang='lat' dir='ltr'>et</span> <span class='ocrx_word' id='word_1_59' title='bbox 1272 615 1421 673; x_wconf 86' lang='lat' dir='ltr'>aqua</span> <span class='ocrx_word' id='word_1_60' title='bbox 1440 598 1593 653; x_wconf 89' lang='lat' dir='ltr'>dulci</span> <span class='ocrx_word' id='word_1_61' title='bbox 1619 601 1775 653; x_wconf 87' lang='lat' dir='ltr'>eluta</span> <span class='ocrx_word' id='word_1_62' title='bbox 1792 635 1810 665; x_wconf 90' lang='lat'><strong>,</strong></span> <span class='ocrx_word' id='word_1_63' title='bbox 1837 608 1897 649; x_wconf 86' lang='lat' dir='ltr'>et</span> <span class='ocrx_word' id='word_1_64' title='bbox 1929 596 2033 653; x_wconf 65' lang='lat' dir='ltr'>ita·</span> 
     </span>
     <span class='ocr_line' id='line_1_8' title="bbox 148 676 1947 761; baseline -0.006 -18"><span class='ocrx_word' id='word_1_65' title='bbox 148 682 440 761; x_wconf 78' lang='lat' dir='ltr'>iumentis</span> <span class='ocrx_word' id='word_1_66' title='bbox 467 679 852 741; x_wconf 75' lang='lat' dir='ltr'>esurientibus</span> <span class='ocrx_word' id='word_1_67' title='bbox 881 680 1020 735; x_wconf 80' lang='lat' dir='ltr'>data</span> <span class='ocrx_word' id='word_1_68' title='bbox 1039 720 1061 754; x_wconf 90' lang='lat'>‚</span> <span class='ocrx_word' id='word_1_69' title='bbox 1090 681 1277 737; x_wconf 83' lang='lat' dir='ltr'>vitam</span> <span class='ocrx_word' id='word_1_70' title='bbox 1304 696 1503 746; x_wconf 77' lang='lat' dir='ltr'>eorum</span> <span class='ocrx_word' id='word_1_71' title='bbox 1538 676 1947 753; x_wconf 77' lang='lat' dir='ltr'>producebant.</span> 
     </span>
    </p>
   </div>
   <div class='ocr_carea' id='block_1_2' title="bbox 815 783 1375 859">
    <p class='ocr_par' dir='ltr' id='par_1_2' title="bbox 815 783 1375 859">
     <span class='ocr_line' id='line_1_9' title="bbox 815 783 1375 859; baseline -0.002 -1"><span class='ocrx_word' id='word_1_72' title='bbox 815 783 1170 859; x_wconf 75' lang='lat' dir='ltr'>CAPUT</span> <span class='ocrx_word' id='word_1_73' title='bbox 1252 800 1375 857; x_wconf 78' lang='lat' dir='ltr'>lx.</span> 
     </span>
    </p>
   </div>
   <div class='ocr_carea' id='block_1_3' title="bbox 153 920 2013 1225">
    <p class='ocr_par' dir='ltr' id='par_1_3' title="bbox 153 920 2013 1225">
     <span class='ocr_line' id='line_1_10' title="bbox 153 920 2008 1005; baseline -0.005 -18"><span class='ocrx_word' id='word_1_74' title='bbox 153 924 312 987; x_wconf 78' lang='lat' dir='ltr'>Rex</span> <span class='ocrx_word' id='word_1_75' title='bbox 330 924 496 1001; x_wconf 73' lang='lat' dir='ltr'>Juba</span> <span class='ocrx_word' id='word_1_76' title='bbox 524 924 604 985; x_wconf 80' lang='lat' dir='ltr'>ad</span> <span class='ocrx_word' id='word_1_77' title='bbox 617 920 934 1001; x_wconf 80' lang='lat' dir='ltr'>ferendum</span> <span class='ocrx_word' id='word_1_78' title='bbox 954 924 1078 982; x_wconf 77' lang='lat' dir='ltr'>suis</span> <span class='ocrx_word' id='word_1_79' title='bbox 1102 922 1387 982; x_wconf 79' lang='lat' dir='ltr'>auxilium</span> <span class='ocrx_word' id='word_1_80' title='bbox 1408 940 1443 982; x_wconf 87' lang='lat' dir='ltr'>e</span> <span class='ocrx_word' id='word_1_81' title='bbox 1461 940 1645 1005; x_wconf 76' lang='lat' dir='ltr'>regno</span> <span class='ocrx_word' id='word_1_82' title='bbox 1676 922 2008 1001; x_wconf 63' lang='lat' dir='ltr'>egreditur.</span> 
     </span>
     <span class='ocr_line' id='line_1_11' title="bbox 156 1001 2013 1084; baseline -0.003 -18"><span class='ocrx_word' id='word_1_83' title='bbox 156 1006 241 1066; x_wconf 83' lang='lat' dir='ltr'>P.</span> <span class='ocrx_word' id='word_1_84' title='bbox 277 1005 334 1065; x_wconf 84' lang='lat' dir='ltr'><em>S</em></span> <span class='ocrx_word' id='word_1_85' title='bbox 335 1008 482 1065; x_wconf 80' lang='lat' dir='ltr'>itius</span> <span class='ocrx_word' id='word_1_86' title='bbox 491 1047 514 1081; x_wconf 88' lang='lat'><strong><em>,</em></strong></span> <span class='ocrx_word' id='word_1_87' title='bbox 543 1018 605 1064; x_wconf 79' lang='lat' dir='ltr'>et</span> <span class='ocrx_word' id='word_1_88' title='bbox 648 1006 788 1065; x_wconf 87' lang='lat' dir='ltr'>Rex</span> <span class='ocrx_word' id='word_1_89' title='bbox 819 1006 1036 1083; x_wconf 83' lang='lat' dir='ltr'><em>Bogud</em></span> <span class='ocrx_word' id='word_1_90' title='bbox 1059 1024 1183 1063; x_wconf 86' lang='lat' dir='ltr'>cum</span> <span class='ocrx_word' id='word_1_91' title='bbox 1214 1008 1401 1081; x_wconf 81' lang='lat' dir='ltr'>copiis</span> <span class='ocrx_word' id='word_1_92' title='bbox 1432 1007 1511 1061; x_wconf 82' lang='lat' dir='ltr'>ad</span> <span class='ocrx_word' id='word_1_93' title='bbox 1542 1022 1787 1084; x_wconf 79' lang='lat' dir='ltr'>regnum</span> <span class='ocrx_word' id='word_1_94' title='bbox 1830 1001 2013 1075; x_wconf 79' lang='lat' dir='ltr'>Jubae</span> 
     </span>
     <span class='ocr_line' id='line_1_12' title="bbox 215 1080 1953 1164; baseline -0.003 -19"><span class='ocrx_word' id='word_1_95' title='bbox 215 1080 670 1164; x_wconf 52' lang='lat' dir='ltr'>proficiscantur</span> <span class='ocrx_word' id='word_1_96' title='bbox 683 1126 704 1160; x_wconf 92' lang='lat'>‚</span> <span class='ocrx_word' id='word_1_97' title='bbox 725 1084 1068 1162; x_wconf 77' lang='lat' dir='ltr'>Cirtamque</span> <span class='ocrx_word' id='word_1_98' title='bbox 1079 1086 1339 1161; x_wconf 76' lang='lat' dir='ltr'>copiunt.</span> <span class='ocrx_word' id='word_1_99' title='bbox 1362 1085 1528 1159; x_wconf 79' lang='lat' dir='ltr'>Juba</span> <span class='ocrx_word' id='word_1_100' title='bbox 1548 1088 1609 1143; x_wconf 81' lang='lat' dir='ltr'>in</span> <span class='ocrx_word' id='word_1_101' title='bbox 1631 1084 1953 1157; x_wconf 65' lang='lat' dir='ltr'>subsidium</span> 
     </span>
     <span class='ocr_line' id='line_1_13' title="bbox 672 1178 1508 1225; baseline -0.002 0"><span class='ocrx_word' id='word_1_102' title='bbox 672 1185 902 1225; x_wconf 76' lang='lat' dir='ltr'>suarum</span> <span class='ocrx_word' id='word_1_103' title='bbox 937 1183 1127 1223; x_wconf 80' lang='lat' dir='ltr'>rerum</span> <span class='ocrx_word' id='word_1_104' title='bbox 1155 1178 1508 1225; x_wconf 77' lang='lat' dir='ltr'>revertztur.</span> 
     </span>
    </p>
   </div>
   <div class='ocr_carea' id='block_1_4' title="bbox 157 1264 2123 2595">
    <p class='ocr_par' dir='ltr' id='par_1_4' title="bbox 157 1264 2123 2533">
     <span class='ocr_line' id='line_1_14' title="bbox 245 1264 2123 1403; baseline -0.003 -17"><span class='ocrx_word' id='word_1_105' title='bbox 245 1264 477 1386; x_wconf 86' lang='lat' dir='ltr'>Dum</span> <span class='ocrx_word' id='word_1_106' title='bbox 508 1326 629 1383; x_wconf 82' lang='lat' dir='ltr'>haec</span> <span class='ocrx_word' id='word_1_107' title='bbox 673 1328 759 1383; x_wconf 86' lang='lat' dir='ltr'>ita</span> <span class='ocrx_word' id='word_1_108' title='bbox 794 1324 1006 1385; x_wconf 85' lang='lat' dir='ltr'>fierent</span> <span class='ocrx_word' id='word_1_109' title='bbox 1036 1367 1058 1400; x_wconf 90' lang='lat'>,</span> <span class='ocrx_word' id='word_1_110' title='bbox 1110 1324 1166 1373; x_wconf 79' lang='lat'>3⁸</span> <span class='ocrx_word' id='word_1_111' title='bbox 1213 1327 1343 1385; x_wconf 83' lang='lat' dir='ltr'>Rex</span> <span class='ocrx_word' id='word_1_112' title='bbox 1372 1324 1523 1399; x_wconf 84' lang='lat' dir='ltr'>Juba</span> <span class='ocrx_word' id='word_1_113' title='bbox 1547 1367 1565 1399; x_wconf 90' lang='lat'>‚</span> <span class='ocrx_word' id='word_1_114' title='bbox 1596 1326 1851 1403; x_wconf 81' lang='lat' dir='ltr'>cognitis</span> <span class='ocrx_word' id='word_1_115' title='bbox 1879 1322 2006 1382; x_wconf 79' lang='lat' dir='ltr'>Cae.</span> <span class='ocrx_word' id='word_1_116' title='bbox 2049 1334 2123 1396; x_wconf 68' lang='grc' dir='ltr'>ας</span> 
     </span>
     <span class='ocr_line' id='line_1_15' title="bbox 157 1406 2008 1483; baseline 0 -18"><span class='ocrx_word' id='word_1_117' title='bbox 157 1408 316 1465; x_wconf 71' lang='lat' dir='ltr'>uris</span> <span class='ocrx_word' id='word_1_118' title='bbox 365 1406 844 1480; x_wconf 83' lang='lat' dir='ltr'>difficultatibus,</span> <span class='ocrx_word' id='word_1_119' title='bbox 893 1409 1304 1483; x_wconf 83' lang='lat' dir='ltr'>copiarumque</span> <span class='ocrx_word' id='word_1_120' title='bbox 1356 1409 1698 1481; x_wconf 80' lang='lat' dir='ltr'>paucitate,</span> <span class='ocrx_word' id='word_1_121' title='bbox 1742 1425 1855 1463; x_wconf 82' lang='lat' dir='ltr'>non</span> <span class='ocrx_word' id='word_1_122' title='bbox 1916 1421 2008 1465; x_wconf 87' lang='lat' dir='ltr'>est</span> 
     </span>
     <span class='ocr_line' id='line_1_16' title="bbox 160 1484 2010 1563; baseline 0.001 -21"><span class='ocrx_word' id='word_1_123' title='bbox 160 1488 356 1545; x_wconf 81' lang='lat' dir='ltr'>visum</span> <span class='ocrx_word' id='word_1_124' title='bbox 381 1488 508 1545; x_wconf 77' lang='lat' dir='ltr'>dari</span> <span class='ocrx_word' id='word_1_125' title='bbox 541 1490 793 1561; x_wconf 82' lang='lat' dir='ltr'>spatium</span> <span class='ocrx_word' id='word_1_126' title='bbox 843 1490 1321 1561; x_wconf 77' lang='lat' dir='ltr'>convalescendi,</span> <span class='ocrx_word' id='word_1_127' title='bbox 1348 1490 1853 1563; x_wconf 81' lang='lat' dir='ltr'>augendarumque</span> <span class='ocrx_word' id='word_1_128' title='bbox 1890 1484 2010 1561; x_wconf 80' lang='lat' dir='ltr'>ejus</span> 
     </span>
     <span class='ocr_line' id='line_1_17' title="bbox 159 1568 2013 1646; baseline -0.001 -21"><span class='ocrx_word' id='word_1_129' title='bbox 159 1584 360 1642; x_wconf 86' lang='lat' dir='ltr'>opum.</span> <span class='ocrx_word' id='word_1_130' title='bbox 408 1569 608 1644; x_wconf 86' lang='lat' dir='ltr'>ltaque</span> <span class='ocrx_word' id='word_1_131' title='bbox 651 1571 1008 1642; x_wconf 82' lang='lat' dir='ltr'>comparatis</span> <span class='ocrx_word' id='word_1_132' title='bbox 1053 1572 1315 1646; x_wconf 82' lang='lat' dir='ltr'>equitum</span> <span class='ocrx_word' id='word_1_133' title='bbox 1370 1570 1595 1645; x_wconf 75' lang='lat' dir='ltr'>mugnis</span> <span class='ocrx_word' id='word_1_134' title='bbox 1624 1608 1645 1641; x_wconf 89' lang='lat'><strong>,</strong></span> <span class='ocrx_word' id='word_1_135' title='bbox 1707 1568 2013 1643; x_wconf 83' lang='lat' dir='ltr'>peditum-</span> 
     </span>
     <span class='ocr_line' id='line_1_18' title="bbox 158 1649 2010 1726; baseline -0.002 -21"><span class='ocrx_word' id='word_1_136' title='bbox 158 1666 272 1723; x_wconf 86' lang='lat' dir='ltr'>que</span> <span class='ocrx_word' id='word_1_137' title='bbox 309 1650 496 1722; x_wconf 87' lang='lat' dir='ltr'>copiis</span> <span class='ocrx_word' id='word_1_138' title='bbox 554 1649 812 1707; x_wconf 87' lang='lat' dir='ltr'>subsidio</span> <span class='ocrx_word' id='word_1_139' title='bbox 860 1651 1024 1723; x_wconf 75' lang='lat' dir='ltr'>suis3</span> <span class='ocrx_word' id='word_1_140' title='bbox 1083 1661 1351 1725; x_wconf 78' lang='lat' dir='ltr'>egressus</span> <span class='ocrx_word' id='word_1_141' title='bbox 1382 1668 1417 1707; x_wconf 90' lang='lat' dir='ltr'>e</span> <span class='ocrx_word' id='word_1_142' title='bbox 1466 1668 1685 1726; x_wconf 84' lang='lat' dir='ltr'>regno,</span> <span class='ocrx_word' id='word_1_143' title='bbox 1729 1650 1816 1705; x_wconf 87' lang='lat' dir='ltr'>ire</span> <span class='ocrx_word' id='word_1_144' title='bbox 1856 1664 2010 1703; x_wconf 87' lang='lat' dir='ltr'>con-</span> 
     </span>
     <span class='ocr_line' id='line_1_19' title="bbox 167 1727 2009 1807; baseline -0.001 -22"><span class='ocrx_word' id='word_1_145' title='bbox 167 1730 383 1787; x_wconf 85' lang='lat' dir='ltr'>tendit.</span> <span class='ocrx_word' id='word_1_146' title='bbox 436 1732 494 1777; x_wconf 76' lang='lat'>3⁹</span> <span class='ocrx_word' id='word_1_147' title='bbox 546 1728 612 1785; x_wconf 93' lang='lat' dir='ltr'>P.</span> <span class='ocrx_word' id='word_1_148' title='bbox 667 1729 850 1788; x_wconf 70' lang='lat' dir='ltr'>sirius</span> <span class='ocrx_word' id='word_1_149' title='bbox 899 1732 1182 1803; x_wconf 83' lang='lat' dir='ltr'>interim,</span> <span class='ocrx_word' id='word_1_150' title='bbox 1209 1744 1273 1787; x_wconf 87' lang='lat' dir='ltr'>et</span> <span class='ocrx_word' id='word_1_151' title='bbox 1302 1733 1431 1789; x_wconf 76' lang='lat' dir='ltr'>Rex</span> <span class='ocrx_word' id='word_1_152' title='bbox 1480 1730 1723 1807; x_wconf 80' lang='lat' dir='ltr'>Bogud,</span> <span class='ocrx_word' id='word_1_153' title='bbox 1768 1727 2009 1803; x_wconf 80' lang='lat' dir='ltr'>conjun-</span> 
     </span>
     <span class='ocr_line' id='line_1_20' title="bbox 163 1810 2010 1887; baseline 0.001 -22"><span class='ocrx_word' id='word_1_154' title='bbox 163 1810 280 1865; x_wconf 82' lang='lat' dir='ltr'>ctis</span> <span class='ocrx_word' id='word_1_155' title='bbox 329 1810 446 1865; x_wconf 81' lang='lat' dir='ltr'>suis</span> <span class='ocrx_word' id='word_1_156' title='bbox 495 1810 722 1883; x_wconf 82' lang='lat' dir='ltr'>copiis,</span> <span class='ocrx_word' id='word_1_157' title='bbox 771 1812 1010 1887; x_wconf 80' lang='lat' dir='ltr'>cognito</span> <span class='ocrx_word' id='word_1_158' title='bbox 1039 1817 1103 1857; x_wconf 79' lang='lat'>40</span> <span class='ocrx_word' id='word_1_159' title='bbox 1137 1813 1291 1886; x_wconf 80' lang='lat' dir='ltr'>regis</span> <span class='ocrx_word' id='word_1_160' title='bbox 1332 1812 1493 1885; x_wconf 76' lang='lat' dir='ltr'>Jubae</span> <span class='ocrx_word' id='word_1_161' title='bbox 1533 1827 1809 1887; x_wconf 83' lang='lat' dir='ltr'>egressu,</span> <span class='ocrx_word' id='word_1_162' title='bbox 1862 1826 2010 1881; x_wconf 89' lang='lat' dir='ltr'>pro-</span> 
     </span>
     <span class='ocr_line' id='line_1_21' title="bbox 159 1888 2009 1967; baseline 0 -23"><span class='ocrx_word' id='word_1_163' title='bbox 159 1891 320 1964; x_wconf 80' lang='lat' dir='ltr'>prius</span> <span class='ocrx_word' id='word_1_164' title='bbox 369 1890 486 1965; x_wconf 83' lang='lat' dir='ltr'>ejus</span> <span class='ocrx_word' id='word_1_165' title='bbox 527 1908 765 1967; x_wconf 85' lang='lat' dir='ltr'>regnum</span> <span class='ocrx_word' id='word_1_166' title='bbox 807 1894 1002 1967; x_wconf 82' lang='lat' dir='ltr'>copias</span> <span class='ocrx_word' id='word_1_167' title='bbox 1029 1910 1160 1951; x_wconf 76' lang='lat' dir='ltr'>suas</span> <span class='ocrx_word' id='word_1_168' title='bbox 1203 1894 1555 1949; x_wconf 84' lang='lat' dir='ltr'>admovere:</span> <span class='ocrx_word' id='word_1_169' title='bbox 1608 1893 1667 1937; x_wconf 79' lang='lat'>41</span> <span class='ocrx_word' id='word_1_170' title='bbox 1730 1888 2009 1947; x_wconf 86' lang='lat' dir='ltr'>Cirtam-</span> 
     </span>
     <span class='ocr_line' id='line_1_22' title="bbox 167 1971 2063 2049; baseline 0 -22"><span class='ocrx_word' id='word_1_171' title='bbox 167 1986 278 2043; x_wconf 83' lang='lat' dir='ltr'>que</span> <span class='ocrx_word' id='word_1_172' title='bbox 303 1971 580 2045; x_wconf 87' lang='lat' dir='ltr'>oppidum</span> <span class='ocrx_word' id='word_1_173' title='bbox 608 1972 726 2047; x_wconf 83' lang='lat' dir='ltr'>ejus</span> <span class='ocrx_word' id='word_1_174' title='bbox 767 1975 930 2048; x_wconf 84' lang='lat' dir='ltr'>regni</span> <span class='ocrx_word' id='word_1_175' title='bbox 975 1975 1473 2049; x_wconf 80' lang='lat' dir='ltr'>opulentissimum</span> <span class='ocrx_word' id='word_1_176' title='bbox 1516 1972 1757 2043; x_wconf 81' lang='lat' dir='ltr'>adorti,</span> <span class='ocrx_word' id='word_1_177' title='bbox 1810 1972 2008 2045; x_wconf 86' lang='lat' dir='ltr'>paucis</span> <span class='ocrx_word' id='word_1_178' title='bbox 2057 2026 2063 2033; x_wconf 85' lang='grc'><em>,</em></span> 
     </span>
     <span class='ocr_line' id='line_1_23' title="bbox 166 2049 2005 2129; baseline 0.001 -24"><span class='ocrx_word' id='word_1_179' title='bbox 166 2049 362 2107; x_wconf 86' lang='lat' dir='ltr'>diebus</span> <span class='ocrx_word' id='word_1_180' title='bbox 396 2055 738 2127; x_wconf 78' lang='lat' dir='ltr'>pugnando,</span> <span class='ocrx_word' id='word_1_181' title='bbox 767 2053 1046 2129; x_wconf 78' lang='lat' dir='ltr'>capiunt,</span> <span class='ocrx_word' id='word_1_182' title='bbox 1093 2068 1156 2113; x_wconf 85' lang='lat' dir='ltr'>et</span> <span class='ocrx_word' id='word_1_183' title='bbox 1208 2070 1496 2128; x_wconf 78' lang='lat' dir='ltr'>-praeterea</span> <span class='ocrx_word' id='word_1_184' title='bbox 1541 2059 1600 2099; x_wconf 82' lang='lat'>4²</span> <span class='ocrx_word' id='word_1_185' title='bbox 1646 2054 1761 2109; x_wconf 89' lang='lat' dir='ltr'>duo</span> <span class='ocrx_word' id='word_1_186' title='bbox 1790 2052 2005 2125; x_wconf 81' lang='lat' dir='ltr'>oppida</span> 
     </span>
     <span class='ocr_line' id='line_1_24' title="bbox 167 2128 2006 2209; baseline 0.002 -23"><span class='ocrx_word' id='word_1_187' title='bbox 167 2128 558 2189; x_wconf 74' lang='lat' dir='ltr'>Gaetulorum:</span> <span class='ocrx_word' id='word_1_188' title='bbox 587 2134 794 2209; x_wconf 85' lang='lat' dir='ltr'>quibus</span> <span class='ocrx_word' id='word_1_189' title='bbox 841 2140 970 2191; x_wconf 79' lang='lat' dir='ltr'>cum</span> <span class='ocrx_word' id='word_1_190' title='bbox 1020 2136 1423 2193; x_wconf 83' lang='lat' dir='ltr'>conditionem</span> <span class='ocrx_word' id='word_1_191' title='bbox 1472 2134 1736 2205; x_wconf 80' lang='lat' dir='ltr'>ferrent,</span> <span class='ocrx_word' id='word_1_192' title='bbox 1779 2146 1841 2191; x_wconf 80' lang='lat' dir='ltr'>ut</span> <span class='ocrx_word' id='word_1_193' title='bbox 1886 2149 2006 2205; x_wconf 75' lang='lat' dir='ltr'>op-</span> 
     </span>
     <span class='ocr_line' id='line_1_25' title="bbox 166 2212 2005 2289; baseline 0.001 -23"><span class='ocrx_word' id='word_1_194' title='bbox 166 2212 304 2283; x_wconf 77' lang='lat' dir='ltr'>pido</span> <span class='ocrx_word' id='word_1_195' title='bbox 343 2214 688 2273; x_wconf 76' lang='lat' dir='ltr'>excederent</span> <span class='ocrx_word' id='word_1_196' title='bbox 711 2254 731 2285; x_wconf 89' lang='lat'><strong>,</strong></span> <span class='ocrx_word' id='word_1_197' title='bbox 770 2216 944 2289; x_wconf 89' lang='lat' dir='ltr'>idque</span> <span class='ocrx_word' id='word_1_198' title='bbox 985 2216 1098 2271; x_wconf 84' lang='lat' dir='ltr'>sibi</span> <span class='ocrx_word' id='word_1_199' title='bbox 1140 2231 1383 2271; x_wconf 82' lang='lat' dir='ltr'>vacuum</span> <span class='ocrx_word' id='word_1_200' title='bbox 1416 2216 1715 2271; x_wconf 82' lang='lat' dir='ltr'>traderent</span> <span class='ocrx_word' id='word_1_201' title='bbox 1737 2213 2005 2285; x_wconf 77' lang='lat' dir='ltr'>„condi-</span> 
     </span>
     <span class='ocr_line' id='line_1_26' title="bbox 167 2291 2004 2369; baseline 0.001 -24"><span class='ocrx_word' id='word_1_202' title='bbox 167 2291 494 2367; x_wconf 86' lang='lat' dir='ltr'>tionemque</span> <span class='ocrx_word' id='word_1_203' title='bbox 537 2295 974 2368; x_wconf 84' lang='lat' dir='ltr'>repudiassent,</span> <span class='ocrx_word' id='word_1_204' title='bbox 1021 2308 1218 2369; x_wconf 83' lang='lat' dir='ltr'>postea</span> <span class='ocrx_word' id='word_1_205' title='bbox 1271 2296 1343 2351; x_wconf 89' lang='lat' dir='ltr'>ab</span> <span class='ocrx_word' id='word_1_206' title='bbox 1392 2296 1479 2351; x_wconf 86' lang='lat' dir='ltr'>eis</span> <span class='ocrx_word' id='word_1_207' title='bbox 1528 2294 1727 2367; x_wconf 84' lang='lat' dir='ltr'>eapti,</span> <span class='ocrx_word' id='word_1_208' title='bbox 1758 2291 2004 2347; x_wconf 86' lang='lat' dir='ltr'>interfe-</span> 
     </span>
     <span class='ocr_line' id='line_1_27' title="bbox 163 2372 2002 2452; baseline 0 -25"><span class='ocrx_word' id='word_1_209' title='bbox 163 2372 355 2444; x_wconf 87' lang='lat' dir='ltr'>ctique</span> <span class='ocrx_word' id='word_1_210' title='bbox 383 2386 516 2429; x_wconf 87' lang='lat' dir='ltr'>sunt</span> <span class='ocrx_word' id='word_1_211' title='bbox 547 2390 747 2431; x_wconf 85' lang='lat' dir='ltr'>omnes</span> <span class='ocrx_word' id='word_1_212' title='bbox 766 2415 786 2448; x_wconf 86' lang='lat'>‚</span> <span class='ocrx_word' id='word_1_213' title='bbox 813 2375 950 2431; x_wconf 90' lang='lat' dir='ltr'>inde</span> <span class='ocrx_word' id='word_1_214' title='bbox 984 2376 1271 2452; x_wconf 81' lang='lat' dir='ltr'>progressi</span> <span class='ocrx_word' id='word_1_215' title='bbox 1304 2392 1473 2449; x_wconf 73' lang='lat' dir='ltr'>agros</span> <span class='ocrx_word' id='word_1_216' title='bbox 1494 2415 1513 2447; x_wconf 90' lang='lat'><strong><em>,</em></strong></span> <span class='ocrx_word' id='word_1_217' title='bbox 1542 2376 1871 2447; x_wconf 87' lang='lat' dir='ltr'>oppidaque</span> <span class='ocrx_word' id='word_1_218' title='bbox 1904 2390 2002 2443; x_wconf 79' lang='lat' dir='ltr'>ve-</span> 
     </span>
     <span class='ocr_line' id='line_1_28' title="bbox 160 2454 1999 2533; baseline 0.002 -26"><span class='ocrx_word' id='word_1_219' title='bbox 160 2466 294 2507; x_wconf 81' lang='lat' dir='ltr'>xare</span> <span class='ocrx_word' id='word_1_220' title='bbox 323 2470 438 2511; x_wconf 84' lang='lat' dir='ltr'>non</span> <span class='ocrx_word' id='word_1_221' title='bbox 480 2454 788 2513; x_wconf 81' lang='lat' dir='ltr'>desistunt.</span> <span class='ocrx_word' id='word_1_222' title='bbox 837 2454 1064 2533; x_wconf 85' lang='lat' dir='ltr'>Quibus</span> <span class='ocrx_word' id='word_1_223' title='bbox 1113 2458 1283 2515; x_wconf 87' lang='lat' dir='ltr'>rebus</span> <span class='ocrx_word' id='word_1_224' title='bbox 1334 2456 1589 2533; x_wconf 84' lang='lat' dir='ltr'>cognitis</span> <span class='ocrx_word' id='word_1_225' title='bbox 1638 2454 1827 2529; x_wconf 77' lang='lat' dir='ltr'>Juba,</span> <span class='ocrx_word' id='word_1_226' title='bbox 1866 2470 1999 2511; x_wconf 86' lang='lat' dir='ltr'>cum</span> 
     </span>
    </p>

    <p class='ocr_par' dir='ltr' id='par_1_5' title="bbox 1640 2565 1651 2595">
     <span class='ocr_line' id='line_1_29' title="bbox 1640 2565 1651 2595; baseline 0 0"><span class='ocrx_word' id='word_1_227' title='bbox 1640 2565 1651 2595; x_wconf 66' lang='lat'>⁸</span> 
     </span>
    </p>
   </div>
   <div class='ocr_carea' id='block_1_5' title="bbox 135 2647 1044 3413">
    <p class='ocr_par' dir='ltr' id='par_1_6' title="bbox 159 2647 1042 3030">
     <span class='ocr_line' id='line_1_30' title="bbox 207 2647 1040 2708; baseline 0.001 -14"><span class='ocrx_word' id='word_1_228' title='bbox 207 2647 270 2705; x_wconf 74' lang='lat'>38</span> <span class='ocrx_word' id='word_1_229' title='bbox 321 2651 434 2695; x_wconf 73' lang='lat' dir='ltr'>Res:</span> <span class='ocrx_word' id='word_1_230' title='bbox 460 2652 594 2708; x_wconf 70' lang='lat' dir='ltr'>Juba</span> <span class='ocrx_word' id='word_1_231' title='bbox 622 2666 711 2699; x_wconf 81' lang='lat' dir='ltr'>non</span> <span class='ocrx_word' id='word_1_232' title='bbox 737 2660 816 2697; x_wconf 80' lang='lat' dir='ltr'>est</span> <span class='ocrx_word' id='word_1_233' title='bbox 837 2650 1040 2707; x_wconf 69' lang='lat' dir='ltr'>&#39;vis-nm.)</span> 
     </span>
     <span class='ocr_line' id='line_1_31' title="bbox 159 2710 1042 2775; baseline 0.008 -19"><span class='ocrx_word' id='word_1_234' title='bbox 159 2711 268 2757; x_wconf 80' lang='lat' dir='ltr'>Non</span> <span class='ocrx_word' id='word_1_235' title='bbox 285 2710 558 2762; x_wconf 73' lang='lat' dir='ltr'>cohaerent.</span> <span class='ocrx_word' id='word_1_236' title='bbox 575 2714 912 2762; x_wconf 80' lang='lat' dir='ltr'>scribendum</span> <span class='ocrx_word' id='word_1_237' title='bbox 927 2751 942 2775; x_wconf 84' lang='lat'>,</span> <span class='ocrx_word' id='word_1_238' title='bbox 961 2731 1042 2763; x_wconf 76' lang='lat' dir='ltr'>re-</span> 
     </span>
     <span class='ocr_line' id='line_1_32' title="bbox 159 2776 1040 2839; baseline 0.012 -22"><span class='ocrx_word' id='word_1_239' title='bbox 159 2776 211 2831; x_wconf 72' lang='lat' dir='ltr'>gi</span> <span class='ocrx_word' id='word_1_240' title='bbox 247 2780 387 2831; x_wconf 75' lang='lat' dir='ltr'>Jubae</span> <span class='ocrx_word' id='word_1_241' title='bbox 411 2812 425 2837; x_wconf 93' lang='lat'>‚</span> <span class='ocrx_word' id='word_1_242' title='bbox 452 2794 543 2826; x_wconf 81' lang='lat' dir='ltr'>non</span> <span class='ocrx_word' id='word_1_243' title='bbox 583 2788 662 2827; x_wconf 73' lang='lat' dir='ltr'>est</span> <span class='ocrx_word' id='word_1_244' title='bbox 703 2780 862 2827; x_wconf 80' lang='lat' dir='ltr'>visum</span> <span class='ocrx_word' id='word_1_245' title='bbox 886 2814 900 2839; x_wconf 86' lang='lat'>‚</span> <span class='ocrx_word' id='word_1_246' title='bbox 945 2792 1040 2829; x_wconf 84' lang='lat' dir='ltr'>nec</span> 
     </span>
     <span class='ocr_line' id='line_1_33' title="bbox 161 2837 1042 2901; baseline 0.007 -16"><span class='ocrx_word' id='word_1_247' title='bbox 161 2837 444 2896; x_wconf 75' lang='lat' dir='ltr'>parenthesi</span> <span class='ocrx_word' id='word_1_248' title='bbox 463 2877 477 2900; x_wconf 94' lang='lat'>,</span> <span class='ocrx_word' id='word_1_249' title='bbox 508 2858 598 2889; x_wconf 81' lang='lat' dir='ltr'>non</span> <span class='ocrx_word' id='word_1_250' title='bbox 615 2851 696 2889; x_wconf 82' lang='lat' dir='ltr'>est</span> <span class='ocrx_word' id='word_1_251' title='bbox 719 2846 878 2889; x_wconf 79' lang='lat' dir='ltr'>visum</span> <span class='ocrx_word' id='word_1_252' title='bbox 899 2876 914 2901; x_wconf 89' lang='lat'>‚</span> <span class='ocrx_word' id='word_1_253' title='bbox 943 2856 1042 2891; x_wconf 77' lang='lat' dir='ltr'>cae·</span> 
     </span>
     <span class='ocr_line' id='line_1_34' title="bbox 161 2904 1042 2967; baseline 0.009 -22"><span class='ocrx_word' id='word_1_254' title='bbox 161 2906 262 2947; x_wconf 83' lang='lat' dir='ltr'>tera</span> <span class='ocrx_word' id='word_1_255' title='bbox 281 2904 471 2953; x_wconf 77' lang='lat' dir='ltr'>includi</span> <span class='ocrx_word' id='word_1_256' title='bbox 500 2914 726 2967; x_wconf 84' lang='lat' dir='ltr'>possunt,</span> <span class='ocrx_word' id='word_1_257' title='bbox 741 2905 862 2967; x_wconf 84' lang='lat' dir='ltr'>quia</span> <span class='ocrx_word' id='word_1_258' title='bbox 879 2908 1042 2966; x_wconf 76' lang='lat' dir='ltr'>itaque</span> 
     </span>
     <span class='ocr_line' id='line_1_35' title="bbox 163 2967 1041 3030; baseline 0.013 -23"><span class='ocrx_word' id='word_1_259' title='bbox 163 2967 255 3009; x_wconf 86' lang='lat' dir='ltr'>n&#39;ou</span> <span class='ocrx_word' id='word_1_260' title='bbox 282 2967 438 3027; x_wconf 86' lang='lat' dir='ltr'>sinit,</span> <span class='ocrx_word' id='word_1_261' title='bbox 498 2982 722 3030; x_wconf 88' lang='lat' dir='ltr'>eousque</span> <span class='ocrx_word' id='word_1_262' title='bbox 753 2978 865 3027; x_wconf 86' lang='lat' dir='ltr'>post</span> <span class='ocrx_word' id='word_1_263' title='bbox 893 2970 1041 3018; x_wconf 81' lang='lat' dir='ltr'>illam</span> 
     </span>
    </p>

    <p class='ocr_par' dir='ltr' id='par_1_7' title="bbox 135 3031 829 3095">
     <span class='ocr_line' id='line_1_36' title="bbox 135 3031 829 3095; baseline 0.01 -23"><span class='ocrx_word' id='word_1_264' title='bbox 135 3032 350 3076; x_wconf 82' lang='lat' dir='ltr'>-rectum</span> <span class='ocrx_word' id='word_1_265' title='bbox 377 3044 552 3080; x_wconf 78' lang='lat' dir='ltr'>casum</span> <span class='ocrx_word' id='word_1_266' title='bbox 580 3031 829 3095; x_wconf 83' lang='lat' dir='ltr'>pertrahi.</span> 
     </span>
    </p>

    <p class='ocr_par' dir='ltr' id='par_1_8' title="bbox 163 3094 1044 3413">
     <span class='ocr_line' id='line_1_37' title="bbox 197 3094 1040 3156; baseline -0.001 -11"><span class='ocrx_word' id='word_1_267' title='bbox 197 3098 269 3147; x_wconf 72' lang='lat'>39</span> <span class='ocrx_word' id='word_1_268' title='bbox 292 3098 349 3138; x_wconf 84' lang='lat' dir='ltr'>P.</span> <span class='ocrx_word' id='word_1_269' title='bbox 378 3097 588 3148; x_wconf 74' lang='lat' dir='ltr'>sirius.)</span> <span class='ocrx_word' id='word_1_270' title='bbox 615 3096 710 3145; x_wconf 72' lang='lat' dir='ltr'>Hic:</span> <span class='ocrx_word' id='word_1_271' title='bbox 735 3094 886 3143; x_wconf 76' lang='lat' dir='ltr'>italia</span> <span class='ocrx_word' id='word_1_272' title='bbox 917 3097 1040 3156; x_wconf 87' lang='lat' dir='ltr'>pul·</span> 
     </span>
     <span class='ocr_line' id='line_1_38' title="bbox 165 3158 1041 3227; baseline -0.002 -18"><span class='ocrx_word' id='word_1_273' title='bbox 165 3162 265 3209; x_wconf 60' lang='grc' dir='ltr'>θῦε,</span> <span class='ocrx_word' id='word_1_274' title='bbox 285 3158 496 3227; x_wconf 50' lang='lat' dir='ltr'>exilium</span> <span class='ocrx_word' id='word_1_275' title='bbox 527 3160 580 3208; x_wconf 82' lang='lat' dir='ltr'>lu</span> <span class='ocrx_word' id='word_1_276' title='bbox 610 3158 924 3209; x_wconf 81' lang='lat' dir='ltr'>Mauritania</span> <span class='ocrx_word' id='word_1_277' title='bbox 953 3169 1041 3207; x_wconf 79' lang='lat' dir='ltr'>to·-</span> 
     </span>
     <span class='ocr_line' id='line_1_39' title="bbox 163 3214 1044 3279; baseline 0.009 -18"><span class='ocrx_word' id='word_1_278' title='bbox 163 3214 342 3267; x_wconf 77' lang='lat' dir='ltr'>lerawt</span> <span class='ocrx_word' id='word_1_279' title='bbox 366 3255 385 3277; x_wconf 75' lang='grc'>,,</span> <span class='ocrx_word' id='word_1_280' title='bbox 406 3230 457 3269; x_wconf 85' lang='lat' dir='ltr'>et</span> <span class='ocrx_word' id='word_1_281' title='bbox 485 3223 714 3279; x_wconf 83' lang='lat' dir='ltr'>collectis</span> <span class='ocrx_word' id='word_1_282' title='bbox 735 3224 853 3273; x_wconf 82' lang='lat' dir='ltr'>aliis</span> <span class='ocrx_word' id='word_1_283' title='bbox 876 3223 1044 3273; x_wconf 81' lang='lat' dir='ltr'>exuli-</span> 
     </span>
     <span class='ocr_line' id='line_1_40' title="bbox 165 3276 1043 3347; baseline 0.008 -18"><span class='ocrx_word' id='word_1_284' title='bbox 165 3276 272 3341; x_wconf 76' lang='lat' dir='ltr'>bUS‚</span> <span class='ocrx_word' id='word_1_285' title='bbox 307 3295 366 3331; x_wconf 87' lang='lat' dir='ltr'>ac</span> <span class='ocrx_word' id='word_1_286' title='bbox 384 3285 537 3334; x_wconf 72' lang='lat' dir='ltr'>manu</span> <span class='ocrx_word' id='word_1_287' title='bbox 553 3290 776 3347; x_wconf 77' lang='lat' dir='ltr'>quadarn</span> <span class='ocrx_word' id='word_1_288' title='bbox 791 3302 818 3337; x_wconf 90' lang='lat' dir='ltr'>a</span> <span class='ocrx_word' id='word_1_289' title='bbox 835 3288 1043 3347; x_wconf 82' lang='lat' dir='ltr'>Bogude</span> 
     </span>
     <span class='ocr_line' id='line_1_41' title="bbox 166 3338 1044 3413; baseline 0.008 -19"><span class='ocrx_word' id='word_1_290' title='bbox 166 3338 459 3411; x_wconf 78' lang='lat' dir='ltr'>impetrata,</span> <span class='ocrx_word' id='word_1_291' title='bbox 471 3351 864 3405; x_wconf 70' lang='lat' dir='ltr'>Caesariauxiiio</span> <span class='ocrx_word' id='word_1_292' title='bbox 884 3351 1044 3413; x_wconf 75' lang='lat' dir='ltr'>veuit,</span> 
     </span>
    </p>
   </div>
   <div class='ocr_carea' id='block_1_6' title="bbox 1103 2650 2009 3405">
    <p class='ocr_par' dir='ltr' id='par_1_9' title="bbox 1103 2650 1998 2903">
     <span class='ocr_line' id='line_1_42' title="bbox 1103 2650 1997 2705; baseline 0.003 -4"><span class='ocrx_word' id='word_1_293' title='bbox 1103 2652 1247 2701; x_wconf 76' lang='lat' dir='ltr'>nulio</span> <span class='ocrx_word' id='word_1_294' title='bbox 1282 2650 1347 2700; x_wconf 80' lang='lat' dir='ltr'>ab</span> <span class='ocrx_word' id='word_1_295' title='bbox 1372 2664 1433 2700; x_wconf 90' lang='lat' dir='ltr'>eo</span> <span class='ocrx_word' id='word_1_296' title='bbox 1462 2650 1997 2705; x_wconf 79' lang='lat' dir='ltr'>beneficio&#39;adfectus.</span> 
     </span>
     <span class='ocr_line' id='line_1_43' title="bbox 1105 2716 1997 2775; baseline 0.003 -12"><span class='ocrx_word' id='word_1_297' title='bbox 1105 2717 1204 2763; x_wconf 85' lang='lat' dir='ltr'>Dio</span> <span class='ocrx_word' id='word_1_298' title='bbox 1219 2716 1423 2767; x_wconf 81' lang='lat' dir='ltr'>Cassius</span> <span class='ocrx_word' id='word_1_299' title='bbox 1452 2716 1563 2765; x_wconf 82' lang='lat' dir='ltr'>haee</span> <span class='ocrx_word' id='word_1_300' title='bbox 1585 2716 1785 2775; x_wconf 76' lang='lat' dir='ltr'>plenius</span> <span class='ocrx_word' id='word_1_301' title='bbox 1819 2722 1997 2767; x_wconf 78' lang='lat' dir='ltr'>narrat</span> 
     </span>
     <span class='ocr_line' id='line_1_44' title="bbox 1106 2780 1998 2841; baseline 0.004 -14"><span class='ocrx_word' id='word_1_302' title='bbox 1106 2780 1399 2832; x_wconf 81' lang='lat' dir='ltr'>initi0.libri</span> <span class='ocrx_word' id='word_1_303' title='bbox 1426 2793 1589 2829; x_wconf 58' lang='lat' dir='ltr'>xum.</span> <span class='ocrx_word' id='word_1_304' title='bbox 1614 2782 1703 2841; x_wconf 90' lang='lat' dir='ltr'>qui</span> <span class='ocrx_word' id='word_1_305' title='bbox 1730 2792 1851 2829; x_wconf 85' lang='lat' dir='ltr'>vera</span> <span class='ocrx_word' id='word_1_306' title='bbox 1878 2787 1998 2831; x_wconf 75' lang='lat' dir='ltr'>Boc·</span> 
     </span>
     <span class='ocr_line' id='line_1_45' title="bbox 1106 2843 1847 2903; baseline -0.001 -10"><span class='ocrx_word' id='word_1_307' title='bbox 1106 2848 1237 2893; x_wconf 81' lang='lat' dir='ltr'>chum</span> <span class='ocrx_word' id='word_1_308' title='bbox 1262 2843 1495 2894; x_wconf 83' lang='lat' dir='ltr'>nominat</span> <span class='ocrx_word' id='word_1_309' title='bbox 1520 2856 1613 2902; x_wconf 85' lang='lat' dir='ltr'>pro</span> <span class='ocrx_word' id='word_1_310' title='bbox 1638 2846 1847 2903; x_wconf 77' lang='lat' dir='ltr'>Bogude.</span> 
     </span>
    </p>

    <p class='ocr_par' dir='ltr' id='par_1_10' title="bbox 1105 2907 1996 3030">
     <span class='ocr_line' id='line_1_46' title="bbox 1137 2907 1996 2967; baseline 0.005 -13"><span class='ocrx_word' id='word_1_311' title='bbox 1137 2914 1216 2967; x_wconf 69' lang='lat'>40·</span> <span class='ocrx_word' id='word_1_312' title='bbox 1242 2912 1393 2964; x_wconf 53' lang='lat' dir='ltr'>Regis</span> <span class='ocrx_word' id='word_1_313' title='bbox 1412 2911 1553 2965; x_wconf 81' lang='lat' dir='ltr'>Jubae</span> <span class='ocrx_word' id='word_1_314' title='bbox 1577 2910 1829 2966; x_wconf 82' lang='lat' dir='ltr'>egressu.)</span> <span class='ocrx_word' id='word_1_315' title='bbox 1851 2912 1879 2967; x_wconf 84' lang='lat' dir='ltr'>J</span> <span class='ocrx_word' id='word_1_316' title='bbox 1884 2907 1996 2959; x_wconf 74' lang='lat' dir='ltr'>ubae</span> 
     </span>
     <span class='ocr_line' id='line_1_47' title="bbox 1105 2968 1631 3030; baseline -0.006 -9"><span class='ocrx_word' id='word_1_317' title='bbox 1105 2968 1239 3030; x_wconf 82' lang='lat' dir='ltr'>regis</span> <span class='ocrx_word' id='word_1_318' title='bbox 1264 2970 1631 3019; x_wconf 70' lang='lat' dir='ltr'>Numidarum.</span> 
     </span>
    </p>

    <p class='ocr_par' dir='ltr' id='par_1_11' title="bbox 1105 3036 2009 3405">
     <span class='ocr_line' id='line_1_48' title="bbox 1135 3036 1994 3096; baseline 0.007 -16"><span class='ocrx_word' id='word_1_319' title='bbox 1135 3046 1200 3093; x_wconf 86' lang='lat'>41</span> <span class='ocrx_word' id='word_1_320' title='bbox 1219 3038 1513 3091; x_wconf 66' lang='lat' dir='ltr'>,Cirtamque</span> <span class='ocrx_word' id='word_1_321' title='bbox 1526 3036 1789 3093; x_wconf 71' lang='lat' dir='ltr'>oppidum.)</span> <span class='ocrx_word' id='word_1_322' title='bbox 1808 3036 1994 3096; x_wconf 73' lang='lat' dir='ltr'>caput,</span> 
     </span>
     <span class='ocr_line' id='line_1_49' title="bbox 1105 3098 2009 3156; baseline 0 -11"><span class='ocrx_word' id='word_1_323' title='bbox 1105 3100 1156 3145; x_wconf 66' lang='lat' dir='ltr'>et</span> <span class='ocrx_word' id='word_1_324' title='bbox 1182 3098 1377 3156; x_wconf 71' lang='lat' dir='ltr'>regiam</span> <span class='ocrx_word' id='word_1_325' title='bbox 1398 3098 1675 3147; x_wconf 84' lang='lat' dir='ltr'>Numidiae.</span> <span class='ocrx_word' id='word_1_326' title='bbox 2005 3152 2009 3156; x_wconf 50' lang='grc'><strong>,</strong></span> 
     </span>
     <span class='ocr_line' id='line_1_50' title="bbox 1127 3162 1994 3221; baseline 0.003 -14"><span class='ocrx_word' id='word_1_327' title='bbox 1127 3171 1197 3219; x_wconf 84' lang='lat'>42</span> <span class='ocrx_word' id='word_1_328' title='bbox 1223 3166 1329 3209; x_wconf 77' lang='lat' dir='ltr'>Duo</span> <span class='ocrx_word' id='word_1_329' title='bbox 1350 3164 1525 3221; x_wconf 72' lang='lat' dir='ltr'>oppida</span> <span class='ocrx_word' id='word_1_330' title='bbox 1543 3162 1875 3215; x_wconf 58' lang='lat' dir='ltr'>Gaetulorum.)</span> <span class='ocrx_word' id='word_1_331' title='bbox 1887 3164 1994 3210; x_wconf 84' lang='lat' dir='ltr'>Gae-</span> 
     </span>
     <span class='ocr_line' id='line_1_51' title="bbox 1107 3223 1995 3285; baseline -0.002 -13"><span class='ocrx_word' id='word_1_332' title='bbox 1107 3223 1385 3273; x_wconf 76' lang='lat' dir='ltr'>tuliaenim</span> <span class='ocrx_word' id='word_1_333' title='bbox 1410 3224 1558 3283; x_wconf 74' lang='grc' dir='ltr'><em>μέρος</em></span> <span class='ocrx_word' id='word_1_334' title='bbox 1586 3226 1680 3282; x_wconf 68' lang='grc' dir='ltr'>τῆς</span> <span class='ocrx_word' id='word_1_335' title='bbox 1702 3227 1867 3285; x_wconf 68' lang='grc' dir='ltr'><em>ἀρχῆς</em></span> <span class='ocrx_word' id='word_1_336' title='bbox 1890 3226 1995 3270; x_wconf 81' lang='grc' dir='ltr'>αὑ-</span> 
     </span>
     <span class='ocr_line' id='line_1_52' title="bbox 1107 3281 1995 3351; baseline 0.006 -15"><span class='ocrx_word' id='word_1_337' title='bbox 1107 3281 1213 3336; x_wconf 71' lang='grc' dir='ltr'><em>τεῦ</em></span> <span class='ocrx_word' id='word_1_338' title='bbox 1240 3303 1365 3347; x_wconf 81' lang='lat' dir='ltr'>pars</span> <span class='ocrx_word' id='word_1_339' title='bbox 1388 3290 1523 3348; x_wconf 74' lang='lat' dir='ltr'>regni</span> <span class='ocrx_word' id='word_1_340' title='bbox 1544 3290 1679 3337; x_wconf 79' lang='lat' dir='ltr'>illius</span> <span class='ocrx_word' id='word_1_341' title='bbox 1700 3291 1843 3351; x_wconf 78' lang='lat' dir='ltr'>Jubae</span> <span class='ocrx_word' id='word_1_342' title='bbox 1863 3298 1995 3345; x_wconf 71' lang='lat' dir='ltr'>erat.</span> 
     </span>
     <span class='ocr_line' id='line_1_53' title="bbox 1109 3349 1707 3405; baseline 0 -2"><span class='ocrx_word' id='word_1_343' title='bbox 1109 3349 1206 3403; x_wconf 85' lang='lat' dir='ltr'>Dio</span> <span class='ocrx_word' id='word_1_344' title='bbox 1227 3354 1367 3405; x_wconf 74' lang='lat' dir='ltr'>Cass·</span> <span class='ocrx_word' id='word_1_345' title='bbox 1396 3352 1461 3405; x_wconf 83' lang='lat' dir='ltr'>de</span> <span class='ocrx_word' id='word_1_346' title='bbox 1484 3353 1615 3403; x_wconf 81' lang='lat' dir='ltr'>loco.</span> <span class='ocrx_word' id='word_1_347' title='bbox 1704 3352 1707 3354; x_wconf 74' lang='grc'><strong>’</strong></span> 
     </span>
    </p>
   </div>
  </div>
 </body>
</html>
