2459 3834
221 396 244 419 ὁ

326 170 428 223 22
735 226 742 233 ,
843 168 945 221 DE
993 166 1237 219 BELLo
1290 167 1639 221 eumen.
1700 242 1709 247 -

829 274 835 285 ⁴
899 283 1283 343 CAPUT
1374 287 1599 343 xvm.

321 403 541 467 Gallie
570 405 765 484 legati
785 400 1008 463 Caesari
1032 406 1421 483 gratulantur
1439 448 1459 478 ,
1489 421 1787 481 eorumque
1808 406 2155 481 petitiones:

321 484 532 545 Oratio
549 487 854 543 Divitiae-i
869 486 962 541 AE
964 488 1062 540 dui
1085 504 1098 541 :
1133 484 1448 542 Promis-sio
1473 484 1729 543 Caesaris
1750 488 1827 540 acl
1848 482 2071 561 Gallos,
2092 497 2155 545 et

585 565 844 634 ejusdem
893 564 1110 643 legati·
1147 566 1228 621 ad
1266 566 1645 623 Ariovistum
1672 583 1695 621 .·
1747 565 1921 635 hujus
2132 562 2141 576 '

1089 646 1402 719 responsio.

1944 242 2029 257 tr?

207 818 289 883 30
408 736 624 859 Bello
654 804 1050 860 Helvetiorum
1073 804 1381 877 confecto,
1408 803 1589 861 totius
1618 802 1740 859 fere
1769 800 1972 860 Galliae
2001 806 2161 880 lega-

231 920 238 931 ·
319 884 410 956 ti,
455 884 744 957 principes
771 884 1075 939 civitatum
1097 924 1117 957 ,
1147 884 1218 939 ad
1245 882 1528 940 Caesarem
1570 884 1918 958 gratulatum
1948 901 2161 941 conve..

197 2110 276 2171 31

318 978 529 1021 nerunt
553 980 566 1018 :
601 963 923 1039 intelligere
952 980 1073 1019 sese
1095 1003 1114 1034 ,
1141 964 1378 1019 tametsi
1410 962 1834 1039 pro-'veteribus
1856 964 2161 1021 Helvetio-

318 1061 448 1099 rum
473 1042 696 1120 injuriis
716 1081 737 1112 ,
769 1044 1002 1117 populus
1025 1043 1190 1099 Rom.
1223 1044 1295 1098 ab
1328 1044 1400 1098 iis
1432 1059 1625 1115 poenas
1654 1042 1802 1098 bello
1834 1044 2161 1117 repetisset,

319 1136 518 1179 tamen
567 1138 694 1180 eam
737 1138 858 1177 rem
899 1139 1012 1178 non
1039 1122 1228 1177 minus
1257 1138 1326 1177 ex
1356 1140 1453 1178 usu
1486 1134 1653 1177 terrae
1682 1119 1888 1177 Galliae
1908 1163 1928 1195 ,
1987 1140 2157 1197 quam

316 1217 454 1277 pop.
493 1202 660 1259 Rom.
693 1202 1010 1257 accidisse:
1041 1212 1343 1273 propterea
1367 1202 1514 1275 quod
1546 1218 1615 1259 eo
1646 1200 1917 1273 consilio,
1934 1200 2161 1259 floren-

319 1282 562 1337 tissimis
589 1281 753 1336 rebus
778 1322 798 1352 ,
827 1280 1028 1337 domos
1058 1296 1184 1336 suas
1215 1281 1474 1337 Helvetii
1518 1280 1878 1353 reliquissent
1900 1322 1919 1353 ,
1952 1296 2013 1337 ut
2043 1283 2158 1339 toti

313 1358 524 1417 Gauiae
556 1362 764 1415 bellum
795 1360 1074 1416 inferrent
1096 1399 1117 1432 ,
1146 1361 1511 1433 imperioque
1542 1360 1899 1432 potirentur,
1928 1357 2160 1417 locum-”-

323 1458 435 1513 que
465 1439 761 1498 domicilio
789 1458 858 1496 ex
889 1442 1292 1515 magnapcopia
1320 1440 1643 1514 deligerent
1663 1480 1682 1511 ‚
1712 1455 1878 1513 quern
1901 1457 1969 1495 ex
1998 1442 2157 1509 omni

315 1517 514 1575 Gallia
542 1512 1084 1591 opportunissimum
1108 1559 1125 1588 ,
1151 1536 1216 1573 ac
1242 1517 1759 1575 fructuosissimum
1786 1518 2156 1599 judichssent‚

313 1601 672 1672 reliquasque
710 1600 979 1653 civitates
1029 1598 1433 1671 stipendiarias
1479 1598 1770 1654 haberent.
1820 1596 2146 1673 Petierunt,

314 1691 385 1731 ut
411 1678 518 1733 sibi
543 1678 857 1735 ‘concilium
892 1678 1068 1733 totius
1099 1677 1303 1733 Galliae
1336 1678 1395 1733 in
1426 1679 1579 1733 diem
1610 1691 1826 1733 certam
1863 1680 2146 1753 indicere,

311 1756 489 1831 idque
507 1754 752 1814 Caesaris
784 1760 1078 1813 voluntate
1099 1756 1287 1813 facere
1308 1759 1509 1813 liceret
1533 1778 1554 1829 ς
1584 1774 1706 1813 sese
1736 1759 1948 1813 habere
1977 1766 2145 1833 quas*

313 1836 451 1893 dam
479 1854 568 1893 res
591 1878 610 1906 ,
636 1854 774 1910 quas
797 1836 829 1892 ὲ
861 1838 1147 1892 communi
1185 1854 1457 1893 consensu
1490 1838 1559 1893 ab
1596 1855 1663 1893 eo
1690 1852 1882 1910 petere
1912 1841 2145 1896 vellent.

313 1912 406 1971 Ea
439 1934 500 1971 re
532 1917 802 1989 permissa
827 1957 851 1987 ,
875 1912 1027 1972 diem
1059 1918 1303 1973 concillo
1339 1918 1755 1973 constituerunt
1779 1929 1883 1991 ,θεῖ
1922 1917 2147 1993 jureju-

315 1996 495 2051 rando
515 2036 534 2064 ,
567 2014 635 2050 ne
679 1998 802 2069 quis
834 1996 1160 2053 enuntiaret
1181 2038 1200 2069 ,
1234 1997 1343 2052 nisi
1372 1996 1580 2071 quibus
1608 1992 1891 2053 communi
1942 2000 2144 2055 consi-

321 2075 404 2130 lio
433 2076 762 2131 mandatum
792 2090 939 2131 esset
957 2116 980 2149 ,
1027 2077 1179 2133 inter
1209 2094 1271 2131 se
1300 2090 1624 2133 sanxerunt.
1655 2076 1744 2133 Eo
1764 2078 2011 2135 concilio
2041 2074 2148 2134 di-

318 2155 496 2211 misso
517 2195 536 2226 ,
569 2154 744 2212 iidem
780 2157 1064 2228 principes
1093 2158 1431 2227 civitatum,
1456 2156 1555 2229 qui
1596 2170 1730 2211 ante
1774 2156 1997 2211 fuerant
2020 2196 2041 2229 ‚
2070 2156 2147 2213 ad

314 2232 598 2290 Caesarem
644 2248 997 2290 reverterunt
1021 2274 1040 2305 ,
1073 2237 1477 2308 petieruntque
1497 2275 1515 2306 ‚
1546 2236 1631 2291 uti
1686 2236 1796 2291 sibi
1826 2250 2049 2293 secreto
2077 2238 2151 2294 de

316 2314 418 2383 {sua
436 2355 456 2385 ,
487 2314 850 2387 omniumque
878 2317 1066 2369 salu-te
1095 2332 1222 2369 cum
1255 2332 1324 2372 eo
1370 2332 1538 2391 agere
1565 2316 1784 2371 liceret.
1818 2315 1904 2371 Ea
1936 2334 1998 2371 re
2026 2317 2152 2373 im..

314 2408 583 2464 petrata,
603 2410 724 2449 sese
743 2411 938 2451 omnes
971 2392 1174 2453 fientes
1195 2393 1441 2451 Caesaris
1472 2396 1540 2449 ad
1575 2396 1745 2467 pedes
1775 2394 2151 2469 projecerunt:

315 2470 484 2527 “non
515 2474 696 2529 minus
727 2491 786 2528 se
816 2474 880 2528 id
913 2476 1285 2545 contendere,
1302 2490 1363 2529 et
1397 2475 1681 2546 laborare,
1705 2492 1894 2545 tle-ea,
1914 2494 2034 2549 quae
2058 2476 2153 2532 di-

313 2552 531 2608 xissent
551 2591 571 2622 ,
595 2554 1030 2625 enuntiarentur
1052 2593 1072 2624 ,
1101 2570 1273 2628 quam
1305 2555 1389 2609 uti
1412 2572 1478 2609 ea
1501 2594 1520 2625 ,
1546 2571 1665 2627 quae
1696 2556 1936 2625 vellent,
1966 2556 2151 2627 impe·

313 2641 584 2702 trarent3
621 2644 923 2703 propterea
951 2633 1132 2707 quod,
1162 2635 1212 2688 si
1262 2634 1623 2689 enuntiatum
1652 2646 1842 2704 esset,
1870 2651 2150 2689 summum

315 2726 378 2785 ⁸0
408 2711 468 2766 in
497 2712 812 2767 cruciatum
839 2724 1111 2767 venturos
1141 2713 1423 2767 viderent.
1441 2753 1479 2783 „
1524 2712 1769 2767 Locutus
1802 2726 1890 2767 est
1926 2732 2027 2785 pro
2062 2714 2150 2770 his

315 2786 648 2849 Divitiacus
669 2791 915 2847 AEduus:
937 2789 1198 2847 “Gauiae
1223 2792 1401 2847 totius
1427 2790 1703 2849 factiones
1728 2809 1851 2847 esse
1874 2794 2033 2863 duaS,
2049 2793 2153 2849 ha-

315 2884 444 2923 rum
475 2871 709 2926 alterius
743 2871 1125 2943 principatum
1160 2864 1356 2927 tenere
1376 2871 1596 2927 AEduos
1617 2910 1637 2941 ,
1667 2873 1901 2927 alterius
1920 2872 2155 2929 Arver-

315 2962 439 3003 n08.
500 2949 580 3003 Hi
629 2966 758 3004 cum
791 2962 1093 3023 tantopere
1129 2953 1188 2994 54
1217 2952 1291 3005 de
1324 2962 1626 3023 potentatu
1657 2951 1811 3006 inter
1840 2968 1901 3007 se
1941 2955 2153 3009 multoe
2216 2946 2221 2953 ’

384 3116 454 3169 54
516 3113 592 3155 De
609 3108 920 3163 potentatu.)
947 3108 1205 3168 Princffpa·
1266 3114 1554 3167 potentatus
1584 3111 1825 3157 inimicus:
1868 3116 1921 3158 et
1967 3110 2151 3169 plura-

316 3175 374 3217 tu
398 3204 412 3226 ‚
436 3170 654 3229 imperio
679 3204 694 3229 ‚
721 3174 880 3219 Graec.
915 3172 1202 3231 metaphor.
1272 3172 1382 3219 tivo
1402 3184 1613 3219 nurnero
1646 3172 1934 3221 Lactantius
1958 3174 2046 3219 lib.
2069 3188 2151 3222 νῐ.

314 3230 476 3287 ἀρχῆ.
508 3236 646 3279 Cave
683 3245 804 3279 vero
825 3268 838 3291 ‚
872 3234 1088 3281 insolens
1113 3248 1205 3281 vo·
1268 3248 1313 3283 c.
1354 3246 1555 3293 17..10.
1594 3248 1707 3293 opes
1738 3239 1898 3295 istas,
1929 3246 1978 3282 et
2004 3240 2151 3284 bono-

311 3294 560 3341 cabulum
596 3294 886 3353 existimes,
913 3308 1014 3357 quo
1043 3297 1202 3345 etiam
1267 3312 1349 3345 res
1368 3331 1382 3355 ‚
1410 3306 1458 3344 et
1476 3307 1765 3355 potentatus
1784 3332 1799 3357 ‚
1824 3308 1874 3346 et
1906 3313 2055 3359 regna
2096 3302 2148 3348 ἰ-

308 3356 494 3407 Livius
521 3370 642 3406 xxv.
669 3361 752 3417 38.
776 3370 890 3407 usus
917 3367 1010 3419 est,
1038 3364 1200 3409 aemulo
1260 3372 1357 3419 psa
1374 3370 1647 3409 contemnet.
