2459 3834
427 164 462 219 1
481 142 569 219 18
932 174 1033 226 ns
1085 172 1330 227 nanno
1381 147 1709 228 Gannico

419 260 554 302 runt
587 268 601 307 ε
646 236 826 327 neque
859 250 1027 309 finem
1060 256 1395 332 insequendi
1426 254 1687 311 fecerunt
1717 294 1739 327 ,
1766 251 1954 327 quoad
1994 252 2257 315 subsidio

420 328 630 387 confici
672 336 893 407 equites
914 374 934 406 ‚
981 352 1110 390 cum
1145 346 1271 407 post
1317 354 1377 390 se
1410 332 1664 413 legiones
1698 335 1965 391 viderunt
1986 376 2011 409 ,
2042 334 2263 409 praeci-

421 408 574 479 pices
603 416 796 469 hostes
825 429 1104 488 egerunt:
1160 431 1477 489 magnoque
1517 432 1717 473 eorum
1772 430 2006 471 numero
2060 414 2267 470 inter-

419 484 612 561 fecto,
643 510 820 566 neque
851 494 935 549 sui
981 496 1336 569 colligendi,
1377 512 1557 569 neque
1588 494 1987 567 consistendi,
2028 509 2129 565 aut
2192 512 2271 554 ex

422 573 638 630 essedis
669 573 974 629 desiliendi
1012 574 1346 631 facultatem
1371 566 1679 631 dederunt.'
1702 574 1794 631 Ex
1836 574 1943 633 hac
1970 574 2105 649 fuga
2129 592 2273 649 pro·

371 703 374 713 ,
421 650 613 722 tinus,
653 670 772 727 quae
816 654 1064 727 undique
1115 670 1502 713 convenerant
1533 696 1554 727 ‚
1585 655 1801 712 auxilia
1855 656 2270 712 discesserunt:

429 748 612 805 neque
657 748 786 805 post
827 734 888 791 id
932 748 1156 807 tempus
1207 753 1475 809 umquam
1517 738 1753 791 summis
1806 736 2100 792 nobiscum
2151 752 2275 792 co-

312 799 384 858 18
431 814 542 885 piis
586 814 782 869 hostes
829 818 1265 871 contenderunt.
1312 814 1545 885 Caesar,
1572 816 1808 889 cognito
1868 816 2110 873 consilio
2154 834 2275 871 eo-

424 908 550 948 rum
579 933 600 965 ‚
642 894 713 948 ad
748 892 954 951 flumen
1005 894 1299 951 Tamesim
1322 936 1340 967 ,
1382 898 1440 951 iu
1476 892 1615 951 fines
1646 892 2066 951 Cassivellauni
2099 912 2275 951 exer·

422 974 606 1033 citum
636 974 838 1031 duxit:
872 977 1022 1053 quod
1063 976 1274 1031 flumen
1311 994 1421 1033 uno
1450 978 1683 1031 omnino
1714 979 1841 1032 loco
1874 975 2139 1049 pedibus,
2174 990 2271 1033 at·

425 1070 536 1129 que
569 1055 675 1112 hoc
706 1073 852 1131 aegre
875 1056 1123 1113 transire
1156 1070 1362 1130 potest.
1396 1057 1483 1113 Eo
1508 1074 1633 1112 cum
1666 1056 1916 1113 venisset
1938 1096 1959 1127 ‚
1987 1055 2273 1111 animad-

423 1136 610 1191 vertit
639 1175 659 1206 ,
701 1137 772 1190 ad
817 1140 1058 1193 alteram
1098 1136 1349 1192 fluminis
1390 1138 1578 1209 ripam
1623 1154 1861 1211 magnas
1902 1152 2025 1192 esse
2065 1138 2269 1208 copias

427 1214 685 1272 hostium
716 1218 1046 1273 instructas.
1069 1217 1232 1290 ‘Ripa
1266 1231 1455 1273 autem
1488 1230 1615 1273 erat
1644 1217 1832 1273 acutis
1860 1216 2092 1272 sudibus
2117 1234 2275 1288 prae-

423 1294 560 1353 fixis
590 1300 854 1370 munira,
906 1296 1269 1373 ejusdemque
1314 1297 1540 1371 generis
1596 1297 1698 1359 sub
1741 1313 1888 1371 aqua
1930 1294 2131 1367 defixae
2164 1314 2275 1353 su·-

423 1377 528 1433 cles
574 1377 812 1433 flumine
857 1379 1214 1452 tegebantur.
1267 1376 1349 1433 Iis
1388 1377 1551 1433 rebus
1609 1378 1861 1451 cognitis
1912 1392 1944 1430 a
1994 1378 2276 1451 eaptiviS,

427 1458 794 1533 perfugisque
816 1499 835 1530 ,
863 1456 1052 1513 Caesar
1076 1497 1095 1530 ,
1125 1458 1415 1531 praemisso
1451 1456 1715 1531 equitatu
1742 1497 1766 1529 ,
1802 1456 2113 1513 confestim
2168 1459 2273 1512 le-

430 1540 632 1613 giones
667 1539 928 1612 subsequi
955 1538 1122 1612 jussit
1149 1558 1170 1609 ς
1215 1538 1313 1593 sed
1365 1553 1432 1594 ea
1473 1537 1775 1593 celeritate
1795 1576 1817 1610 ,
1846 1550 2019 1615 atque
2048 1536 2274 1611 impetu

431 1620 654 1680 milites
705 1618 937 1687 ierunt,
985 1635 1112 1673 cum
1165 1620 1357 1690 capite
1404 1620 1525 1674 solo
1563 1634 1633 1675 ex
1670 1633 1817 1691 aqua
1854 1628 2166 1689 extarent,
2212 1628 2275 1676 ut

432 1698 631 1758 hostes
671 1699 947 1770 impetum
991 1699 1312 1773 legionum,
1342 1713 1515 1773 atque
1546 1696 1802 1771 equitum
1838 1699 2123 1753 sustinere
2160 1713 2277 1753 non

432 1792 668 1856 possent
692 1819 714 1853 ‚
738 1779 1006 1857 ripasque
1035 1778 1405 1843 dimitterent
1436 1818 1455 1853 ,
1497 1795 1565 1842 ac
1606 1795 1667 1835 se
1695 1776 1839 1853 fugae
1864 1778 2231 1863 mandarent.

1079 1936 1465 2029 ‘caput
1536 1938 1613 2000 x,

441 2100 915 2164 Cassivellaunus
932 2103 1190 2162 retentis
1212 2120 1271 2177 4.
1304 2100 1560 2161 millibus
1609 2100 2029 2164 essedariorum
2058 2094 2268 2161 caesa-

439 2184 529 2257 ris
562 2184 680 2241 iter
724 2185 1049 2259 ώσω-ναῖς
1087 2202 1313 2262 quocum
1359 2186 1494 2239 inde
1546 2179 1832 2261 confligit.
1888 2178 2271 2237 Trinobantes

437 2262 677 2341 'legatos
708 2268 787 2321 ad
807 2264 1097 2323 Caesarem
1127 2267 1370 2323 mittunt
1392 2286 1414 2335 3
1435 2265 1488 2319 is
1514 2303 1534 2335 ‚
1561 2262 1864 2320 exauditis
1893 2278 2083 2317 eorum
2112 2259 2270 2333 peti·

439 2344 726 2418 tionibus,
754 2363 849 2419 40.
897 2344 1127 2402 obsides
1149 2386 1172 2419 ,
1209 2355 1265 2403 et
1284 2342 1641 2423 frumentum
1664 2344 1847 2416 petit.
1880 2341 2133 2398 Interim
2158 2336 2274 2395 Se-

434 2425 706 2501 gontiaci
735 2466 755 2497 ,
803 2424 1164 2497 Ancalites,
1205 2435 1267 2485 et
1312 2420 1421 2480 alii
1449 2439 1513 2483 se
1557 2422 1792 2479 dedunt.
1840 2417 2037 2479 Caesar
2080 2416 2272 2493 profi-

560 2505 804 2562 ciscitur
865 2506 944 2561 ad
981 2506 1249 2577 oppidum
1300 2500 1785 2573 Cassivellauni,
1828 2500 1978 2577 quod
2024 2501 2157 2555 dum

879 2596 1251 2667 oppugnatur
1276 2626 1296 2659 ‚
1324 2584 1522 2643 hostes
1556 2579 1833 2661 fugiunt.

322 2756 400 2817 19
522 2676 1036 2807 Cassivellaunus
1056 2787 1074 2817 ,
1106 2760 1169 2803 ut
1199 2762 1371 2821 supra
1400 2743 1955 2814 demonstravimus,
1982 2739 2145 2799 omni
2174 2754 2273 2812 spe

435 2826 699 2901 deposita
731 2829 1151 2899 contentionis,
1183 2828 1437 2883 dimissis
1467 2824 1841 2899 amplioribus
1880 2822 2067 2905 copiis
2086 2862 2107 2894 ‚
2134 2821 2274 2874 mil-

435 2909 586 2964 libus
625 2912 862 2969 circiter
899 2930 979 2967 xv.
1025 2909 1449 2965 essedariorum
1492 2906 1777 2977 retentis,
1807 2904 2023 2959 itinera
2075 2912 2274 2957 nostra

435 2991 707 3046 servabat
729 3032 750 3063 ‚
784 2994 1176 3064 paululumque
1201 3006 1271 3047 ex
1304 2989 1397 3043 via
1430 2986 1741 3043 excedebat
1762 3026 1782 3058 ‚
1801 2982 2273 3057 locisque'impe-

435 3068 581 3125 ditis
603 3112 622 3144 ‚
651 3084 824 3147 atque
853 3071 1214 3149 silvestribus
1244 3086 1367 3125 sese
1390 3068 1754 3138 occultabat,
1783 3078 1959 3141 atque
1978 3064 2058 3119 iis
2082 3060 2278 3135 regio-

441 3152 612 3207 nibus
632 3190 653 3222 ,
691 3152 896 3225 quibus
942 3169 1044 3209 nos
1103 3151 1219 3205 iter
1288 3148 1543 3207 facturos
1604 3159 1959 3221 cognoverat
1980 3182 1999 3215 ,
2052 3156 2281 3211 pecora,

443 3242 617 3305 atque
665 3232 924 3290 homines
967 3249 1038 3287 ex
1067 3232 1224 3304 agris
1257 3230 1315 3285 in
1345 3230 1524 3285 silvas
1560 3226 1935 3299 compellebat
1967 3241 1982 3279 :
2013 3234 2072 3277 et
2096 3262 2118 3293 ,
2148 3236 2279 3276 cum

443 3313 732 3382 equitatus
781 3327 972 3369 noster
1014 3310 1253 3366 libet-ius
1296 3308 1561 3371 vastandi
1589 3348 1609 3377 ,
1656 3305 2052 3381 praedandique
2092 3316 2281 3369 causa,

443 3407 507 3447 se
548 3393 609 3446 iu
643 3408 810 3467 agros
847 3381 1168 3451 effunderet
1197 3428 1220 3465 ,
1249 3390 1513 3449 omnibus
1555 3388 1681 3445 viis'
1707 3385 1904 3461 notis‘,
1945 3382 2280 3457 semitisque
