2459 3834
427 210 436 219 .
851 138 898 191 1,
931 144 959 191 1
989 138 1041 193 B
1073 137 1120 192 E
1149 140 1208 193 lt
1296 142 1404 196 Ν.
1906 148 2059 227 103»

198 238 348 297 quos
377 218 620 279 incertis
649 216 956 294 'ordinibus
987 222 1463 293 perturbaverant
1482 263 1503 296 ,
1550 222 1719 281 simul
1764 228 2045 303 equitatu,

196 316 376 375 atque
403 303 624 359 essedis
653 302 1166 359 circumdederant.
1221 300 1475 360 “Genus
1505 304 1618 361 hoc
1669 320 1756 363 cst
1787 326 1856 365 ex
1884 326 2043 367 essc-
2085 322 2161 383 32

195 382 292 437 dis
321 398 532 457 pugnae
559 399 572 439 ε
618 384 806 457 primo
837 400 939 457 per
967 399 1164 439 omnes
1192 396 1385 456 partes
1418 386 1893 459 perequitant,et
1932 395 2045 448 tela

196 462 404 535 conjici
419 472 524 523 unt
541 502 560 533 ,
579 472 749 538 atque
777 464 903 536 ipso
930 475 1150 519 terrore
1179 480 1485 537 equorum,
1514 478 1574 519 et
1595 468 1841 541 strepitu
1872 484 2041 526 rota-

193 557 326 594 rum
353 582 370 613 ,
415 544 652 597 ordines
687 546 1014 617 plerumque
1045 545 1429 619 perturbant3
1478 557 1536 600 et
1592 560 1718 601 cum
1769 564 1827 603 se
1889 551 2043 607 inter

194 624 462 693 equiturn
494 636 710 678 turmas
731 624 1090 679 insinuavere
1111 662 1132 693 ,
1159 640 1229 678 cx
1258 624 1473 680 essedis
1502 624 1775 683 desiliunt
1797 668 1818 699 ,
1838 642 1897 683 et
1930 648 2042 702 pe-

197 700 366 757 dibus
401 704 750 775 praeliantur.
801 702 1293 776 Aurigaejnterim
1322 708 1549 777 paulum
1576 722 1609 760 e
1642 708 1835 779 praelio
1864 726 2044 785 exce-7

199 781 388 851 dunt3
432 796 610 856 atque
642 783 728 837 ita
755 799 818 842 se
845 785 1171 853 collocant,
1213 798 1319 853 ut,
1368 783 1415 841 si
1468 785 1556 838 illi
1600 800 1635 840 a
1677 788 2045 847 multitudine

199 860 457 917 hostium
512 876 840 935 premantur
861 902 880 934 ,
907 864 1237 935 expeditum
1294 862 1367 916 ad
1414 880 1544 919 suos
1595 878 1883 939 receptum
1930 869 2053 923 ha-,

197 940 404 997 benna·
437 942 534 999 Ita
581 942 966 999 mobilitatem
1015 944 1269 1015 equitum
1296 980 1315 1010 ,
1357 943 1738 1005 stabilitatem
1786 947 2044 1019 peditum

197 1020 256 1075 in
293 1022 510 1089 praeliis
555 1035 824 1091 praestant
849 1062 866 1091 ,
889 1040 959 1079 ac
989 1034 1210 1077 tanturn
1244 1038 1343 1077 usu
1372 1022 1709 1097 quotidiano
1732 1065 1749 1095 ,
1774 1038 1833 1083 et
1861 1020 2041 1085 exer-

195 1101 490 1159 citatione
521 1100 781 1157 efficiunt
801 1141 822 1175 ,
851 1116 914 1159 ut
951 1103 1162 1157 declivi
1186 1141 1207 1172 ‚
1235 1118 1303 1159 ac
1346 1104 1627 1177 praecipiti
1656 1107 1784 1161 loco
1814 1108 2039 1163 incita-

200 1192 292 1238 tos
320 1194 504 1259 equos
547 1183 864 1251 sustinere,
897 1196 957 1239 et
988 1181 1150 1237 brevi
1183 1182 1512 1253 moderari,
1540 1200 1609 1238 ac
1652 1182 1925 1258 flectere,
1976 1200 2037 1245 et

109 1302 114 1307 .
197 1278 300 1333 per
345 1276 641 1318 temonem
671 1278 1037 1334 percurrere,
1066 1274 1127 1317 et
1157 1262 1218 1314 in
1254 1260 1389 1335 jugo
1439 1262 1747 1335 insistere,
1794 1278 1855 1319 et
1903 1268 2037 1323 inde

197 1358 257 1395 se
306 1342 366 1399 in
391 1334 616 1397 'currus
655 1341 936 1398 citissime
989 1341 1249 1413 recipere
1280 1344 1756 1415 consueverint.,‚
1814 1342 2153 1427 Quibus.34

89 1481 111 1495 ..
167 1421 364 1479 .rebns
389 1462 410 1492 ,
444 1422 798 1494 perturbatis
831 1423 1044 1477 nostris
1073 1420 1337 1477 novitate
1365 1438 1562 1496 pugnae
1579 1461 1605 1493 ,
1632 1436 1892 1497 tempore
1920 1443 2038 1499 op-

201 1503 618 1583 portunissimo
637 1498 825 1557 Caesar
866 1502 1139 1557 auxilium
1171 1501 1322 1555 tulit.
1370 1500 1633 1577 Namque
1676 1500 1793 1576 ejus
1824 1504 2039 1561 adven.

207 1594 266 1636 tu
301 1585 494 1639 hostes
526 1582 949 1653 constiterunt,
981 1580 1163 1637 nostri
1196 1597 1269 1635 ex
1313 1580 1525 1637 timore
1566 1598 1627 1637 se
1676 1597 2037 1657 receperunt.

201 1660 347 1735 Quo=
371 1662 574 1732 facto,
623 1662 692 1715 ad
734 1660 1124 1717 lacessendum
1168 1660 1431 1731 hostem,
1459 1673 1518 1716 et
1562 1663 2039 1719 committendum

203 1745 504 1815 praelium,
561 1742 808 1797 alienum
859 1758 980 1797 esse
1025 1755 1247 1813 tempus
1290 1740 1651 1813 arbitratus,
1690 1758 1791 1798 suo
1822 1760 1881 1798 sc
1911 1746 2040 1801 loco

202 1822 488 1877 continuit
511 1860 528 1892 ,
561 1834 624 1879 et
651 1820 818 1877 brevi
849 1832 1110 1895 ternpore
1141 1821 1467 1877 intermisso
1491 1860 1515 1894 ‚
1542 1820 1605 1877 in
1634 1835 1827 1881 castra
1855 1824 2041 1899 legio-

209 1918 307 1958 nes
336 1903 592 1961 reduxit.

787 2022 1169 2120 CAPUT
1256 2060 1479 2119 xvm.

215 2219 431 2281 Plures
447 2263 466 2295 ,
501 2240 625 2300 quae
655 2232 990 2298 sequuntur,
1023 2228 1410 2293 tempestates
1433 2232 1689 2299 pugnam
1708 2220 2043 2297 prohibent.

255 2301 546 2374 Barbari,
575 2304 799 2359 nuntiis
829 2303 893 2357 in
923 2300 1193 2357 diversas
1206 2310 1417 2373 partes
1437 2303 1664 2373 missis,
1692 2303 1771 2376 qd
1801 2314 2001 2369 castra
2052 2357 2059 2365 ,
2088 2333 2095 2353 ,

454 2383 713 2442 Caesaris
731 2383 1033 2455 accedunt,
1045 2378 1422 2457 praeliumque
1438 2383 1838 2439 committitur.

307 2476 525 2599 Dum
585 2546 706 2600 haec
760 2556 1071 2619 geruntur,
1131 2543 1343 2599 nostris
1402 2543 1661 2599 omnibus
1719 2544 2037 2615 occupatiS,

231 2620 324 2696 qui
403 2638 570 2679 erant
649 2627 708 2681 in
787 2625 942 2697 agris
1021 2624 1267 2697 reliqui,
1342 2624 1744 2681 discesserunt.
1824 2623 2045 2679 Secutae

231 2711 360 2753 sunt
409 2705 714 2761 continuos
771 2705 892 2758 dies
948 2709 1267 2775 complures
1326 2717 1740 2777 tempestates,
1793 2720 1913 2776 quae
1973 2713 2039 2759 et

227 2794 450 2838 nostros
479 2786 540 2839 in
585 2782 790 2840 castris
817 2784 1182 2839 continerent
1201 2822 1220 2853 ,
1251 2796 1313 2837 et
1342 2784 1587 2843 hostem
1608 2799 1643 2839 a
1672 2798 1860 2857 pugna
1896 2797 2040 2853 pro-

229 2856 507 2917 biberent.
539 2864 780 2919 Interim
809 2862 1040 2918 barbari
1079 2863 1311 2921 nuntios
1362 2864 1423 2917 in
1475 2878 1669 2918 omnes
1712 2875 1903 2933 partes
1950 2860 2045 2913 di-

232 2940 501 2998 miserunt
525 2983 544 3014 ,
585 2943 1042 3019 paucitatemque
1083 2954 1407 2998 nostrorum
1450 2942 1698 2997 militum
1737 2942 1853 2997 suis
1902 2955 2045 3013 prae-

233 3016 601 3096 dicaverunt,
643 3036 708 3079 et
740 3036 952 3099 quanta
1007 3022 1210 3091 praedae
1246 3021 1558 3093 faciendae,
1597 3036 1769 3093 atque
1810 3022 1871 3077 in
1917 3036 2047 3093 per-

244 3110 457 3167 petuum
489 3104 573 3159 sui
629 3104 907 3159 liberandi
958 3102 1198 3157 facultas
1229 3101 1460 3156 daretur
1484 3140 1501 3169 ,
1538 3101 1589 3156 si
1620 3102 1909 3157 Romanos
1942 3116 2041 3175 cas

243 3178 373 3233 stris
398 3185 739 3252 expulissent
761 3224 778 3255 ,
801 3184 1355 3239 demonstraverunt.
1397 3181 1505 3237 His
1553 3182 1719 3237 rebus
1770 3180 2039 3236 celeriter

251 3270 442 3331 magna
487 3264 854 3319 multitudine
916 3263 1200 3335 peditatus
1221 3302 1238 3330 ,
1270 3261 1665 3333 equitatusque
1698 3276 1898 3316 coacta
1923 3298 1938 3328 ‚
1975 3259 2045 3315 ad

249 3349 426 3396 castra
453 3357 746 3401 venerunt.
785 3342 976 3407 Caesar
1008 3382 1028 3416 ,
1080 3336 1198 3400 ‘etsi
1242 3344 1435 3416 idem,
1476 3342 1627 3418 quod
1668 3340 2051 3417 superioribus
2094 3349 2166 3413 35
