2459 3834
854 88 1007 141 LI-B.
1065 88 1139 141 A.
1192 83 2070 167 HIRT110449

220 172 461 235 stituto.
487 172 587 228 In
606 170 805 230 fronte
834 171 1031 240 enfin,
1060 171 1314 247 simplici
1368 171 1598 225 directa.
1647 166 1814 242 acie,
1855 187 2076 229 cornua

170 322 175 327 ⁸
228 257 409 312 trinis
438 253 819 311 firmabantur
850 250 1136 307 subsidiis.
1184 252 1406 307 Eadem
1453 252 1682 306 ratione
1728 252 1846 307 haec
1881 254 2076 310 media
2161 246 2166 251 ⁸

224 336 661 395 collocabantur
702 333 829 388 acie
856 372 877 403 ,
924 331 1139 387 duobus
1181 332 1388 387 dextra
1421 368 1440 400 ,
1485 332 1834 407 sinistraque
1881 334 2078 389 inter-

226 420 431 490 valliS,
462 414 823 488 simplicibus
870 412 1169 467 ordinibus
1221 412 1544 469 instructis.
1598 412 1854 469 Perfecit
1905 416 2078 472 ince-

222 513 391 573 ptum
438 512 767 553 castrorum
800 510 940 563 opus
981 491 1282 547 Domitius
1310 534 1332 565 ,
1393 506 1556 563 parte
1589 494 1906 567 copiarum
1957 508 2066 589 pro

226 582 384 635 vallo
447 579 749 632 instructa.
799 572 1071 627 Proxima
1126 584 1298 627 nocte
1353 570 1682 631 Pharnaces
1734 575 2073 649 interceptis
2117 570 2193 649 38

226 658 595 728 tabellariis,
625 655 722 729 qui
766 654 837 709 de
893 652 1307 708 Alexandrinis
1357 653 1522 709 rebus
1568 656 1778 711 literas
1812 656 1886 711 ad
1934 656 2077 713 Do-

210 740 479 795 mitium·
521 734 827 806 ferebant,
864 733 1164 806 cognoscit
1224 732 1510 789 Caesarem
1572 750 1782 809 magno
1843 737 1902 790 in
1961 754 2076 811 pe·-

222 820 412 873 riculo
466 816 735 887 versari,
796 814 1179 888 flagitat-eque
1222 830 1256 869 a
1299 813 1612 887 Domitio,
1651 829 1712 870 ut
1755 818 2077 891 quampri-

216 912 385 953 -mum
417 896 675 953 subsidia
724 896 1039 966 mitteret,
1085 895 1435 967 propiusque
1487 896 1612 968 ipse
1652 893 2070 956 Alexandriam
2167 886 2179 899 ’

224 994 333 1053 per
358 977 605 1051 ¹Syriam
651 976 974 1033 accederet.
1028 973 1161 1047 Qua
1200 976 1437 1049 cognita
1470 991 1572 1047 re,
1614 972 1944 1034 Pharnaces
1973 982 2079 1034 vi·-

224 1058 427 1115 ctoriae
478 1060 607 1114 loco
658 1058 951 1128 ducebat,
994 1056 1044 1111 si
1088 1056 1325 1111 trahere
1370 1070 1597 1128 tempus
1656 1070 1894 1129 posset,
1943 1076 2074 1116 cum

224 1140 637 1195 discedendum
678 1139 949 1193 celeriter
989 1132 1262 1192 Domitio
1295 1137 1544 1209 putaret.
1595 1135 1799 1211 Itaque
1847 1138 1920 1193 ab
1957 1156 2076 1215 op-

223 1221 411 1295 pido,
462 1233 575 1296 qua
626 1219 973 1273 facillimum
1016 1232 1306 1272 accessum
1339 1256 1359 1287 ,
1410 1230 1470 1273 et
1529 1217 1923 1291 aequissimum
1995 1220 2072 1277 ad

179 1292 192 1297 ⁵
232 1300 637 1359 dimicandum
689 1299 906 1354 nostris
954 1296 1231 1369 videbat,
1272 1296 1454 1353 fossas
1513 1314 1603 1351 11.
1636 1298 1932 1371 directas»,
1963 1316 2078 1359 non

230 1380 323 1437 ita
371 1395 581 1453 magno
612 1380 805 1434 medio
851 1379 1163 1433 intervallo
1214 1378 1426 1434 relicto
1449 1416 1468 1448 ,
1510 1396 1588 1431 tv.
1622 1379 1828 1449 pedum
1860 1382 2082 1437 altitu--

232 1460 391 1515 dinis
436 1460 497 1513 in
543 1476 673 1515 eum
715 1463 907 1516 locum
949 1458 1229 1527 deduxit,
1271 1474 1388 1531 quo
1431 1458 1657 1531 longius
1687 1460 2079 1517 constituerat

228 1556 397 1597 suam
442 1558 551 1595 non
582 1540 899 1613 producere
938 1539 1143 1593 aciem.
1172 1537 1334 1592 Inter
1364 1537 1466 1593 has
1497 1537 1680 1595 fossas
1711 1540 1898 1595 aciem·
1927 1558 2079 1597 sem-

226 1638 339 1695 per
386 1620 750 1691 instruebat,
785 1620 1109 1693 equitatum
1154 1630 1352 1685 autem
1401 1620 1473 1673 ab
1523 1619 1802 1675 lateribus
1843 1634 2076 1679 omnem

226 1715 398 1757 extra
428 1706 637 1757 fossam
669 1701 1021 1777 collocabat:
1064 1699 1166 1773 qui
1201 1716 1382 1773 neque
1421 1698 1594 1753 aliter
1616 1700 1782 1755 utilis
1811 1714 1936 1756 esse
1963 1720 2077 1775 po·
2119 1748 2125 1753 .

227 1794 389 1838 terat
410 1822 429 1855 ,
463 1797 524 1838 et
567 1784 812 1837 multum
843 1796 1081 1835 numero
1122 1780 1388 1835 anteibat
1421 1791 1685 1836 nostrum
1726 1782 2071 1855 equitatum.

223 1858 557 1918 Domitius·
592 1875 785 1917 autem
816 1860 867 1933 ,‘
892 1878 1020 1916 cum
1070 1858 1316 1915 Caesaris
1348 1861 1534 1934 magis
1569 1861 1862 1933 periculo,
1893 1880 2068 1937 quam
2117 1871 2196 1933 39

222 1944 327 1998 'suo
372 1957 874 2014 commoveretur,
904 1956 1089 2015 neque
1118 1956 1179 1996 se
1214 1953 1350 1996 tuto
1395 1942 1774 1996 discessurum
1809 1942 2076 2001 arbitra-

221 2035 430 2095 retur,
473 2024 520 2079 si
574 2024 938 2079 conditiones
966 2061 989 2094 ,
1037 2038 1180 2094 quas
1222 2020 1502 2095 rejecerat
1529 2061 1550 2094 ,
1593 2038 1786 2079 rursus
1833 2038 2078 2097 appete-

218 2116 368 2175 ret,
412 2117 513 2159 aut
562 2104 689 2159 sine
729 2120 899 2159 causa
948 2102 1274 2157 discederet
1304 2142 1324 2171 ,
1365 2120 1434 2157 ex
1496 2103 1832 2176 propinquis
1863 2103 2076 2163 castris
2105 2164 2118 2173 ,

220 2184 505 2240 inaciem
554 2185 878 2240 exercitum
919 2183 1159 2253 eduxit,
1206 2199 1402 2237 xxxvi.
1455 2184 1743 2255 legionem
1775 2185 1834 2238 in
1865 2184 2075 2244 dextro

220 2280 404 2319 cornu
445 2267 759 2321 collocavit
781 2299 810 2336 ,-
858 2262 1166 2319 Ponticam
1216 2262 1278 2316 in
1329 2262 1619 2333 sinistro‘,
1661 2260 1930 2336 Dejotari
1975 2270 2075 2321 le-

220 2343 426 2436 giones
474 2345 537 2399 in
568 2346 819 2401 mediam
852 2344 1037 2399 aciem
1066 2343 1314 2399 contulit
1340 2382 1360 2411 ,
1404 2343 1612 2418 quibus
1645 2355 1838 2399 tamen
1879 2363 2076 2421 angu-
2119 2340 2126 2346 ’

220 2423 541 2479 stissimum
583 2424 793 2481 frontis
843 2425 1082 2497 reliquit
1120 2424 1534 2495 intervallum,
1567 2425 1811 2497 reliquis
1861 2428 2072 2485 cohor·

220 2502 419 2562 tibus·
404 2522 467 2558 in
506 2504 795 2561 subsidiis·
804 2504 1162 2569 collocatis..
1158 2502 1256 2559 Sic
1288 2504 1577 2579 utrimque
1607 2505 1734 2561 acie
1765 2506 2076 2581 instructa,-

218 2599 553 2657 processum
585 2598 675 2640 est
714 2585 786 2639 ad
823 2568 1240 2639 dimicandum.
1295 2582 1473 2677 Sig-no
1505 2586 1632 2641 sub
1647 2586 1801 2641 idem
1843 2602 2069 2661 tempus
2108 2602 2194 2661 40

218 2662 297 2718 ab
344 2677 585 2737 utroque
613 2666 787 2735 dato,
816 2666 1218 2735 concurritur,
1249 2666 1520 2738 varieque
1559 2682 1860 2739 pugnatur.
1913 2670 2070 2726 Nam

220 2761 415 2799 xxxin.
460 2746 658 2819 legio,
690 2762 823 2800 oum
852 2760 1018 2800 extra
1054 2744 1314 2801 fossam
1300 2764 1358 2799 ιη
1405 2746 1730 2818 equitatum
1774 2750 1923 2821 regis
1955 2752 2070 2805 im·

217 2837 421 2897 petum
480 2824 763 2896 fecisset,
804 2826 947 2882 adeo
990 2826 1300 2881 secundum
1351 2826 1605 2897 praelium
1656 2826 1798 2881 fecit
1830 2867 1850 2898 ‚
1900 2844 1960 2884 ut
2005 2826 2067 2885 4.ss

222 2906 507 2961 moenibus
554 2906 759 2979 oppidi
813 2907 1146 2961 succederet
1173 2946 1194 2978 ,
1243 2905 1566 2978 fossamque
1606 2908 1925 2980 transiret,
1955 2911 2072 2965 ad-

221 2990 531 3079 versosque
560 2986 760 3043 hostes
788 2987 1224 3061 aggrederetur.
1277 2984 1362 3041 At
1409 2989 1470 3030 4⁹
1500 2976 1751 3049 Pontica
1775 3006 1846 3043 ex
1876 2993 2065 3051 altera

886 3128 934 3139 -A

288 3189 356 3246 48
422 3192 485 3235 Ut
503 3192 728 3239 moenibus
754 3194 932 3251 oppidi.
956 3190 977 3245 )
1010 3193 1106 3242 Ni-
1168 3191 1384 3241 Pontica
1426 3192 1600 3253 legio,
1627 3205 1742 3254 quae
1777 3192 1830 3239 in
1852 3194 2060 3243 sinistro

228 3252 479 3309 eupoleos.
1170 3268 1330 3304 cornu
1363 3257 1614 3305 collocata
1649 3264 1798 3317 erat,
1827 3271 1939 3320 cap.
1975 3271 2060 3309 12.

204 3349 214 3355 .
290 3322 362 3375 49
426 3320 625 3367 Pontica
646 3332 711 3371 ex
732 3324 896 3369 altera
917 3321 1111 3383 parte.)
1172 3328 1298 3369 sect.
1329 3328 1413 3381 39.

1505 3372 1640 3437 Ff'
