2459 3834
384 130 538 212 472
845 130 946 182 DE
972 129 1217 188 netto
1251 123 1806 181 AtnxAnmuNo

384 217 475 267 cis
497 251 516 282 ,
564 221 738 284 atque
764 208 1071 264 itineribus
1114 225 1258 282 pene
1299 207 1632 282 conjunctus
1659 207 1874 281 oppido
1897 247 1915 278 ,
1945 223 2220 282 magnam

386 291 453 348 in
492 291 613 346 illis
666 288 923 362 partibus
962 289 1133 345 babet
1164 289 1570 359 nobilitatem3
1612 304 1718 342 nec
1771 290 1954 344 multo
1991 289 2222 362 longius

390 370 647 428 millibus
689 385 945 442 passuum
978 381 1070 423 ιιι.
1122 368 1286 424 abest
1315 385 1352 424 a
1379 367 1531 422 Zeia.
1586 367 1756 422 Hunc
1805 370 1988 423 locum
2019 367 2226 422 Phar-

388 465 604 521 uaces‚
632 447 919 504 veteribus
962 461 1330 519 paternorum
1371 446 1628 502 felicium
1673 455 1994 502 castrorum
2051 447 2224 502 refe-

268 549 348 612 73
388 529 503 584 ctis
551 527 858 600 operib‘uS,
905 527 1089 598 copiis
1148 528 1411 584 omnibus
1449 527 1569 582 suis
1615 528 1944 597 occupavit.
2001 524 2218 598 Cesar,

388 623 519 663 cum
560 609 633 661 ab
674 608 841 664 hoste
878 607 1059 660 millia
1107 623 1372 681 passuum
1413 609 1660 678 quinque
1693 619 1882 662 castra
1915 607 2220 678 posuisset,

388 686 725 760 videretque
752 703 849 741 eas
876 689 1053 741 valles
1085 727 1104 757 ,
1150 685 1356 760 quibus
1393 686 1554 758 regia
1596 699 1786 740 castra
1831 687 2212 757 munirentur,

386 765 591 822 eodem
620 766 927 820 intervallo
967 781 1068 827 sua
1097 780 1288 820 castra
1333 767 1648 820 munituras
1670 803 1689 836 ,
1738 765 1782 820 si
1817 766 1988 822 modo
2015 782 2081 820 ea
2113 767 2213 820 lo·-

386 861 461 900 οε
504 846 693 900 hostes
726 847 945 918 priores
989 861 1100 900 non
1128 847 1454 918 cepissent,
1500 859 1621 916 quoe
1664 849 1846 900 multo
1873 858 2043 899 erant
2075 861 2216 917 pro-

388 925 556 998 piora
603 926 753 998 regis
800 926 1061 998 castris;
1130 941 1400 998 aggerem
1447 925 1799 996 comportati
1847 922 2006 998 jubet
2057 925 2219 980 intra

385 1004 758 1060 munitiones,
828 1003 957 1076 Quo
1032 1004 1302 1060 celeriter
1363 1005 1578 1059 collato
1605 1042 1630 1075 ,
1689 1005 1947 1073 proxima
2023 1017 2214 1074 nocte,

388 1084 597 1156 vigilia
654 1094 858 1158 quarta
916 1083 1236 1157 legionibus
1285 1083 1547 1140 omnibus
1591 1083 1916 1154 expeditis,
1965 1084 2216 1156 impedi-

392 1164 716 1236 mentisque
757 1163 819 1217 in
860 1165 1066 1218 castris
1108 1165 1370 1234 relictis,
1411 1165 1597 1236 prima
1631 1166 1754 1218 luce
1783 1203 1803 1232 ‚
1845 1179 2024 1237 neque
2073 1165 2218 1234 opi-

390 1243 661 1296 nantibus
722 1241 981 1297 hostibus
1011 1281 1030 1310 ,
1074 1259 1199 1298 eum
1261 1243 1444 1313 ipsum
1495 1243 1682 1298 locum
1751 1243 1947 1314 cepit,
1995 1243 2056 1298 in
2103 1261 2218 1316 quo
2440 1263 2441 1272 ¹

389 1318 774 1376 Mithridates
814 1323 1119 1378 secundum
1169 1323 1419 1396 praeiium
1471 1323 1740 1376 adversus
1769 1321 2063 1378 Triarium
2113 1323 2216 1378 fe-

390 1413 572 1456 cerat.
642 1402 769 1457 Huc
818 1417 1044 1457 omnem
1080 1403 1141 1446 ⁹⁷
1183 1402 1536 1472 comportari
1587 1417 1852 1474 aggerem
1897 1416 1931 1456 e
1977 1403 2216 1474 castris,-

390 1481 740 1555 servitiaque
778 1483 872 1554 agi
911 1479 1129 1556 jussit;
1174 1498 1247 1536 ne
1286 1481 1414 1554 quis
1461 1482 1533 1536 ab
1579 1497 1755 1552 opere
1801 1483 1968 1537 miles
2013 1483 2212 1537 disce-

392 1559 611 1631 ἀει-εις
658 1577 789 1616 cum
832 1562 1023 1634 spatio
1054 1577 1165 1616 non
1204 1561 1448 1632 amplius
1499 1558 1659 1614 mille
1707 1575 1971 1632 passuum
2021 1562 2214 1617 inter.-

392 1639 517 1694 cisa
548 1642 713 1696 vallis
762 1653 951 1695 castra
996 1641 1244 1696 bostium
1284 1640 1573 1696 divideret
1613 1639 1699 1693 ab
1749 1656 1924 1712 opere
1977 1642 2222 1713 incepto-

276 1727 359 1792 74
397 1717 637 1776 Caesaris
686 1725 1023 1775 castrorum.
1055 1719 1382 1774 Pharnaces
1411 1757 1432 1791 ,
1475 1737 1604 1774 cum
1644 1719 1701 1774 id
1752 1731 1990 1791 repente
2029 1721 2206 1792 prima

389 1801 516 1855 luce
564 1799 1062 1856 animadvertisset
1102 1839 1120 1869 ,
1180 1800 1376 1872 copias
1425 1815 1552 1854 suas
1591 1813 1786 1854 ornnes
1847 1817 1954 1872 pro
2005 1801 2210 1856 castris

385 1878 663 1934 instruxit
695 1918 715 1949 ,
747 1895 887 1952 quas
912 1917 932 1950 ,
959 1880 1306 1950 interposita
1355 1891 1535 1934 tauta·
1565 1881 1818 1934 locorum
1877 1879 2210 1953 iniquitate,

386 1957 799 2012 consuetudine
827 1959 1009 2030 magis
1040 1961 1372 2032 pervulgata
1421 1956 1658 2013 militari
1691 1958 1965 2014 credebat
1994 1959 2209 2016 instrui

384 2033 617 2106 Caesar,
668 2039 758 2091 vel
790 2035 863 2090 ad
906 2053 1046 2110 opus
1094 2054 1254 2092 suurn
1306 2039 1688 2108 tardandum,
1739 2055 1851 2112 quo
1904 2043 2088 2110 piures
2134 2039 2201 2094 in
2270 2071 2276 2074 -

387 2116 567 2172 armis
598 2127 968 2186 tenerentur,
1012 2119 1104 2170 vel
1144 2117 1215 2170 ad
1266 2119 1710 2174 ostentationem
1756 2119 1924 2192 regiae
1966 2117 2210 2190 fiduciae,

388 2213 465 2252 ue
494 2196 813 2252 munitione
843 2195 1025 2270 magis
1045 2236 1064 2265 ,
1094 2213 1262 2268 quam
1295 2213 1460 2252 manu
1489 2197 1788 2252 defendere
1809 2201 1992 2254 locum
2015 2197 2210 2252 Phar-

388 2293 561 2332 naces
601 2275 911 2332 videretur.
964 2277 1165 2349 Itaque
1208 2278 1520 2332 deterritus
1567 2294 1676 2332 non
1723 2289 1810 2332 est
1843 2317 1864 2348 ,
1913 2279 2213 2352 quominus

388 2353 577 2428 prima
608 2356 733 2410 acie
781 2372 881 2428 pro
923 2359 1073 2411 vallo
1113 2358 1394 2411 instructa
1418 2397 1437 2427 ,
1467 2357 1680 2429 reliqua
1737 2373 1868 2428 pars
1918 2359 2212 2414 exercitus

390 2451 531 2506 opus
559 2435 795 2490 faceret.
841 2433 924 2489 At
952 2433 1274 2490 Pharnaces
1305 2437 1577 2506 impulsus
1609 2435 1730 2492 sive
1760 2437 1870 2492 loci
1903 2437 2212 2509 felicitate,

390 2515 516 2577 ,sive
544 2514 813 2586 auspiciis
834 2553 855 2584 ,
884 2526 945 2568 et
976 2515 1348 2588 religionibus
1395 2517 1694 2586 inductus,
1733 2516 1940 2588 quibus
1977 2517 2212 2572 obtem-‘-

388 2609 619 2666 pei-asse
642 2609 775 2648 eum
818 2605 1014 2666 postea
1059 2594 1424 2650 audiebamus
1445 2635 1462 2665 ,
1495 2597 1618 2651 sive
1651 2597 1942 2668 paucitate
1973 2609 2212 2653 nostro-

390 2689 517 2727 rum
539 2711 558 2742 ,
586 2673 682 2746 qui
714 2673 775 2738 in
820 2672 997 2727 armis
1043 2687 1210 2728 erant
1234 2715 1252 2741 ‚
1281 2689 1576 2746 comperta
1599 2715 1617 2744 ‚
1665 2692 1794 2730 cum
1843 2693 2003 2731 more
2056 2693 2213 2748 ope·-

390 2753 473 2806 ris
514 2753 837 2826 quotidiani
887 2767 1149 2824 magnam
1202 2755 1362 2808 iilam
1421 2773 1712 2810 servorum
1761 2757 2244 2827 multitudinem,-

391 2848 512 2906 quae
542 2847 809 2907 aggerem
868 2834 1174 2906 portabat,
1200 2835 1450 2889 militum
1487 2851 1608 2890 esse
1655 2835 1996 2892 credidisset
2026 2852 2043 2894 z
2091 2835 2216 2892 sive
2253 2857 2259 2866 ·

453 3009 521 3060 97
582 3003 879 3058 comportari
896 3015 1116 3059 aggerem
1144 3017 1174 3048 a
1194 3016 1267 3062 qa·
1328 3017 1472 3061 agere
1501 3006 1673 3064 jussit.
1701 3003 1750 3050 si
1773 3017 1848 3069 ex!
1861 3003 2064 3064 codice,
2077 3011 2216 3064 pto-’-

388 3067 517 3109 stris
536 3096 552 3119 ‚
587 3066 883 3122 servitiaque
917 3067 999 3119 agi
1039 3067 1214 3123 jussit.
1246 3067 1266 3117 )
1329 3066 1420 3123 bo,
1443 3077 1630 3126 ptaeter
1647 3066 1719 3123 id,
1746 3083 1845 3124 quae
1867 3067 2212 3128 ageret‚quod.

390 3128 534 3184 Hanc
576 3135 803 3172 veterem
860 3125 1129 3175 lectionem
1190 3127 1263 3176 ita
1330 3142 1426 3176 non
1457 3129 1636 3188 capio,
1667 3138 1720 3176 et
1737 3129 2032 3177 ciacconius
2060 3131 2210 3178 deie-

389 3185 709 3244 recentioreS,
728 3187 979 3247 scaligero
1004 3191 1269 3241 credodu-
1333 3193 1412 3239 vit
1433 3227 1446 3249 ‚
1470 3191 1520 3238 in
1543 3191 1740 3240 caeteris
1769 3193 2084 3240 consentiens
2119 3205 2207 3240 re·
2437 3223 2442 3256 ‚

386 3261 461 3302 ce,
486 3249 909 3299 transformarunt
935 3266 949 3296 τ
975 3262 1268 3308 comportare
1331 3255 1654 3302 centini-ibus.
1695 3259 1752 3301 In
1797 3257 1958 3302 veteri
1987 3255 2210 3305 lectione

382 3323 603 3366 aggerem
636 3327 661 3360 e
680 3315 863 3361 castris
882 3317 1095 3364 servitia
1116 3349 1133 3376 ,
1162 3331 1266 3376 aaa
1329 3324 1412 3378 agi
1433 3326 1512 3367 est
1535 3317 1737 3380 impelli
1757 3351 1774 3378 ,
1801 3317 1986 3380 urgeri·
2049 3357 2058 3362 .
