2459 3834
207 209 337 256 tam
379 196 729 271 barbarum,
765 215 946 273 neque
999 214 1114 256 tam
1157 198 1495 273 imperitum
1546 213 1673 256 esse
1710 214 1896 256 rerum
1918 119 2050 274 ,gust

215 297 334 337 non
382 281 605 352 sciret,
649 297 828 352 neque
884 278 1038 336 bello
1086 279 1461 354 Allobrogum
1506 281 1767 353 proximo
1816 279 2052 336 Aeduos

216 359 496 415 Romanis
515 360 790 417 auxilium
825 360 1069 430 tulisse,
1099 376 1281 434 neque
1322 361 1479 434 ipsos
1506 360 1567 414 in
1601 361 1693 419 bis
1722 359 2053 416 contentio-

218 441 382 494 nibus
405 457 596 513 ,quas
638 440 822 495 Aedui
863 455 1054 495 secum
1077 478 1098 511 ,
1133 451 1194 494 et
1223 457 1351 495 cum
1383 429 1659 516 Sequanis
1700 439 2057 533 habuissent,

201 519 442 592 ‚auxiiio
487 519 618 593 po‘p.
650 519 817 575 Rom.
853 535 980 575 usos
1007 535 1149 576 esse.
1185 519 1419 576 Debere
1443 537 1503 578 se
1526 518 1843 593 suspic‘ari,
1874 520 2059 575 simu·-

201 601 346 656 'lata
374 593 654 655 Caesarem
690 598 952 656 amicitia
981 637 1002 671 ,
1035 597 1182 673 quod
1226 600 1541 656 exercitum
1586 599 1651 655 in
1691 597 1886 656 Galiia
1938 601 2059 654 ha·-

221 677 399 750 beat,
427 679 512 736 sui
543 678 909 752 opprimendi
949 679 1118 736 ea'usa
1158 678 1389 736 habere.
1440 677 1612 756 Quod
1652 678 1762 736 nisi
1794 679 2061 752 decedat,

223 771 330 815 aut
361 761 673 814 exercitum
705 760 950 817 deducat
979 775 1052 815 ex
1089 760 1178 815 his
1210 759 1571 835 regionibus,
1600 775 1725 818 sese
1747 761 1909 816 illum
1942 775 2061 816 non

227 855 338 912 pro
375 839 566 896 amico
587 879 608 911 ,
635 839 734 894 sed
773 857 877 914 pro
908 841 1072 896 hoste
1117 839 1447 898 habiturum
1479 857 1496 896 ε
1538 841 1687 914 quod
1718 840 1768 896 si
1798 842 1927 896 eum
1956 840 2064 895 in·-
2094 893 2101 900 .

225 916 584 992 terfecerit',
615 922 809 975 multis
848 935 970 976 sese
1027 919 1309 975 nobilibus
1338 960 1360 991 ‚
1410 921 1873 996 principibusque
1925 937 2061 994 pop.

217 997 393 1055 Rom.
435 1009 662 1076 gratum
693 1015 818 1056 esse
851 1000 1134 1055 facturum
1169 1015 1185 1057 z
1232 999 1292 1054 id
1326 1015 1385 1056 se
1429 999 1501 1056 ab
1536 1001 1677 1074 ipsis
1711 1016 1811 1074 per
1860 1015 2063 1056 eorum

220 1077 460 1134 nuntios
509 1093 866 1172 compertum
908 1080 1160 1152 habere,
1199 1096 1439 1153 quorum
1488 1081 1742 1145 omnium
1784 1079 2065 1174 gratiam,

219 1171 402 1238 utque
445 1160 766 1216 amicitiam
815 1160 930 1235 ejus
981 1172 1170 1215 morte
1217 1159 1503 1218 redimere
1536 1171 1775 1234 posset:
1806 1161 1956 1234 quod
2008 1159 2064 1218 si

219 1233 627 1310 discessisset,
655 1255 724 1295 ac
752 1240 989 1296 liberam
1041 1238 1151 1294 sibi
1189 1238 1601 1312 possessionem
1642 1236 1847 1296 Galliae
1881 1236 2067 1295 tradi-

225 1317 456 1390 disset,
486 1334 692 1394 magno
721 1335 782 1376 se
803 1320 963 1376 illum
1001 1319 1234 1412 praemio
1269 1332 1795 1389 remuneraturum,
1821 1331 1883 1374 et
1912 1336 2069 1394 quae-

227 1403 474 1472 cumque
509 1397 660 1454 bella
696 1401 822 1473 geri
853 1401 1027 1456 venet
1050 1437 1069 1468 ,
1099 1399 1222 1454 sine
1248 1397 1375 1455 ιιΙΙο
1415 1397 1533 1472 ejus
1575 1397 1773 1456 labore
1802 1437 1821 1470 ,
1862 1409 1922 1454 et
1957 1415 2069 1472 pe·-

230 1478 422 1536 riculo
461 1477 868 1534 confecturum.
919 1477 1168 1532 “Multa
1211 1495 1247 1533 ι
1290 1476 1513 1534 Caesare
1554 1479 1613 1534 in
1658 1494 1785 1534 eam
1834 1491 2065 1534 senten-

235 1557 384 1614 tiam
413 1557 574 1614 dicta
605 1573 732 1614 sunt
755 1597 778 1631 ,
805 1575 976 1634 quare
1016 1558 1255 1633 negotio
1279 1555 1560 1614 desistere
1602 1575 1714 1616 non
1747 1569 1977 1633 posset,
2008 1569 2071 1616 et

232 1653 420 1712 neque
448 1653 640 1710 suam,
670 1655 847 1713 neque
867 1639 1073 1734 'populi
1105 1638 1277 1693 Rom.
1309 1637 1779 1696 consuetudinem
1813 1640 1975 1712 pati,
2005 1650 2077 1696 ut

231 1715 459 1806 optime
494 1719 734 1775 meritos
765 1720 950 1775 socios
990 1719 1312 1790 desereret,
1341 1723 1523 1792 nieque
1549 1715 1613 1775 s'e
1649 1718 1903 1795 judicare
1932 1717 2082 1776 Gal-

233 1785 382 1852 liam
413 1797 600 1870 potius
629 1815 752 1854 esse
779 1798 1102 1870 Ariovisti,
1130 1813 1299 1872 quam
1350 1799 1545 1872 populi
1578 1796 1748 1856 Roasm
1779 1797 1941 1855 Bello
1986 1817 2084 1856 su·

237 1885 478 1950 petates
507 1893 630 1932 esse
672 1873 726 1914 ⁸¹
765 1877 1096 1950 Auvernos,
1127 1892 1186 1933 et
1209 1877 1469 1935 Rutenos
1504 1895 1537 1932 a
1562 1877 1637 1952 Q.
1672 1876 1854 1935 Fabio
1886 1877 2086 1935 Masti-

243 1972 383 2028 mo,
411 1957 614 2031 quibus
653 1961 885 2030 populus
926 1957 1094 2014 Rom.
1127 1959 1444 2032 ignovisset
1477 1998 1496 2029 ,
1529 1975 1708 2032 neque
1750 1958 1808 2013 in
1834 1960 2089 2032 provin-

241 2037 400 2092 ciam
429 2037 783 2111 redegisset,
812 2055 990 2113 neque
1025 2036 1379 2111 stipendium
1407 2037 1791 2112 imposuisset.
1829 2036 2000 2113 Quod
2036 2039 2091 2096 si

247 2117 711 2191 antiquissimum
742 2118 1002 2192 quodque
1033 2130 1255 2190 tempus
1306 2118 1557 2191 spectari
1602 2129 1899 2192 oporteret
1917 2159 1939 2190 ,
1973 2130 2092 2193 po-

249 2199 368 2271 pul.
399 2196 567 2253 Rom.
599 2195 968 2271 iustissimum
1000 2213 1122 2253 esse
1151 2197 1212 2252 in
1244 2195 1443 2254 Gallia
1473 2193 1780 2271 imperium
1812 2214 1828 2254 z
1855 2197 2093 2272 si'‘judi-

249 2278 406 2334 cium
435 2290 666 2336 senatus
695 2279 912 2333 servari
945 2288 1265 2349 oporteret,
1288 2275 1527 2333 liberam
1554 2273 1763 2334 debere
1792 2295 1914 2334 esse
1939 2275 2094 2335 Gal·
2122 2312 2159 2326 -ι

251 2357 394 2426 iiam
411 2396 434 2429 ,
463 2372 637 2432 quam
667 2356 818 2415 belio
855 2358 1072 2414 victam
1092 2395 1114 2429 ‚
1143 2357 1261 2413 suis
1289 2358 1509 2434 legibus
1542 2357 1628 2415 uti
1670 2358 1967 2418 voluisset.

325 2622 390 2670 81
458 2617 742 2679 Aac-tremor,
767 2628 818 2669 et
855 2625 1066 2670 Rutenos
1109 2633 1142 2669 a
1201 2617 1374 2670 tonius
1400 2621 1525 2671 Ner.
1552 2633 1598 2670 c.
1630 2631 1677 2670 1.
1698 2620 1943 2672 Domitio.
1968 2621 2099 2673 vel-

257 2689 320 2744 2.
367 2683 846 2738 Fabio.)·Auve1-ni
893 2685 1072 2745 procul
1111 2695 1142 2733 a
1207 2683 1331 2742 lejus
1376 2695 1460 2733 11.
1503 2695 1586 2733 10.
1625 2685 1791 2733 divise
1833 2690 2101 2733 Auvernos

251 2747 532 2810 ⁴provincia
628 2755 768 2796 trans
846 2748 1146 2797 Geheunam
1210 2747 1467 2808 Domitio,
1498 2745 1793 2808 Allobroges
1814 2747 1968 2795 Fabio
1988 2747 2100 2795 dat.

257 2818 527 2858 montem.
551 2810 738 2858 Ruteni
761 2810 906 2860 citra
921 2821 1152 2861 montem
1212 2810 1429 2861 Videtur
1472 2818 1689 2884 uterque
1726 2799 1909 2858 vicisse
1937 2813 2105 2858 utros-

261 2871 319 2922 in
343 2871 576 2924 austrum
601 2883 835 2934 vergunt.
850 2872 1002 2924 Fabio
1026 2873 1168 2922 hanc
1217 2885 1358 2935 que,
1397 2872 1518 2935 quia
1548 2872 1727 2923 Fabius
1751 2871 1853 2920 fuit
1888 2871 2107 2922 Domitii

263 2935 548 2985 victoriam
588 2935 815 2986 tribuunt
856 2937 1034 2986 Strabo
1073 2949 1151 2985 nr.
1219 2949 1478 2986 successor
1531 2937 1583 2984 in
1630 2935 1937 3010 provincia,
1976 2925 2110 2984 teste

261 2999 1158 3062 p.128.sspit.1.iv111.11.acsue-
1219 3001 1338 3050 val.
1364 2997 1597 3050 Maximo
1624 2997 1966 3088 x.lib.13.c.
1992 2997 2045 3049 6.

2106 1509 2189 1572 43
