2459 3834
378 97 547 201 278:
940 122 1041 176 nn
1097 124 1344 179 Βειιο
1399 122 1642 178 civim

376 201 531 261 datis
564 200 844 280 miserat,
882 204 953 259 ad
996 222 1055 261 se
1112 222 1223 263 non
1274 206 1547 277 remittir,
1597 216 1770 279 atque
1811 217 1884 259 en
1925 216 2015 261 res
2051 220 2232 279 sepo
2273 210 2290 235 ·‘

378 294 609 337 tentata
648 285 759 339 etsi
810 284 1057 357 impetus
1106 285 1223 360 ejus
1255 326 1274 358 ,
1304 286 1672 358 ·consiliaque
1725 284 2037 357 tardabat,
2095 298 2232 341 ta..

378 378 511 417 men
556 363 817 419 omnibus
860 364 1020 421 rebus
1066 366 1129 423 in
1176 384 1248 421 eo
1279 366 1754 439 perseverandum
1785 364 2036 437 putabat.
2067 364 2228 421 Ita-

380 458 493 516 que
524 440 832 500 Caninium
882 444 1149 501 Rebilum
1190 437 1443 519 legatut'n
1477 486 1496 515 ,
1547 444 1893 501 familiarem
1925 484 1946 516 ,
1993 461 2228 501 neees-

380 524 704 595 sariumque
752 522 1037 581 Scribonii
1096 526 1378 597 Libonis,
1409 526 1598 582 mittit
1637 526 1706 579 ad
1747 542 1877 602 eum
1931 526 2226 599 colloquii

328 604 335 613 '
380 617 595 674 causa;
624 605 857 659 mandat
881 643 899 675 ,
930 620 989 659 ut
1020 605 1297 663 Libonem
1339 607 1410 661 de
1439 605 1800 663 concilianda
1831 620 1968 677 pace
2007 606 2228 663 horte-

381 694 515 738 tur:
550 683 609 737 in
646 684 843 750 primis
865 724 883 753 ,
919 700 977 739 ut
1010 687 1131 747 inse
1170 704 1298 743 cum
1319 684 1592 761 Pompejo
1619 688 2060 758 colloqueretur,
2083 701 2224 758 po·-

383 764 582 819 stulat.
632 762 987 837 Magnopere
1037 782 1157 822 sese
1216 764 1504 823 confidere
1546 766 1896 821 demonstret
1923 802 1946 837 ,
1983 765 2032 821 si
2085 765 2224 841 ejus

380 842 471 897 rei
499 844 578 901 sit
612 856 862 912 potestas
894 845 1045 901 facta
1060 887 1077 916 ,
1098 846 1246 916 fore,
1271 860 1330 901 ut
1355 846 1528 918 siquis
1557 843 1982 903 conditionibus
2009 844 2082 901 ab
2107 862 2228 901 ar·-

381 919 886 981 mis'discedatur:
924 925 1076 998 cujus
1108 928 1191 981 rei
1224 940 1486 1001 magnam
1519 936 1742 996 partem
1780 924 1964 980 laudis
1987 964 2008 997 ,
2035 937 2230 999 atque

382 1003 827 1059 existimationis
857 1007 928 1058 ad
962 1005 1240 1063 Libonem
1273 1017 1673 1079 perventuram
1697 1043 1720 1075 ,
1769 1006 1819 1059 si
1851 1005 1952 1061 illo
1991 1019 2227 1063 aucto...

326 1126 335 1139 ,
380 1097 448 1139 re
468 1122 487 1150 ,
514 1096 685 1157 atque
715 1096 921 1155 agente
940 1124 959 1154 ,
988 1086 1061 1141 ab
1092 1086 1268 1141 armis
1297 1086 1729 1142 sit-discessum.
1763 1082 1913 1141 Libo
1941 1086 2014 1139 ad
2039 1082 2228 1141 Pom·

383 1161 541 1237 pejus
575 1161 976 1232 proficiscitur.
1045 1165 1217 1221 Paulo
1251 1178 1376 1237 post
1417 1165 1750 1235 renuntiat,
1791 1165 2003 1237 “quod
2053 1182 2227 1221 con—

384 1248 533 1297 sules
562 1243 753 1297 absint
772 1282 793 1313 ,
823 1244 944 1299 sine
968 1246 1083 1303 illis
1112 1246 1184 1301 de
1214 1247 1636 1318 compositione
1661 1245 1756 1317 agi
1791 1260 1902 1299 non
1935 1257 2142 1317 posset.
2167 1284 2224 1318 ‚‚

381 1318 475 1379 Ita
506 1323 703 1395 saepius
734 1340 851 1378 rem
876 1323 1088 1381 frustra
1120 1337 1404 1382 tentatam
1433 1324 1624 1383 Caesar
1654 1324 2222 1396 aliquando-dimit·-
2249 1358 2256 1363 -

382 1403 617 1460 tendam
644 1402 757 1459 sibi
777 1401 1069 1478 judicabat
1091 1446 1110 1479 ,
1138 1420 1199 1461 et
1229 1405 1302 1462 de
1330 1404 1480 1465 bello
1508 1404 1810 1483 agendum.

974 1561 1360 1624 CAPUT
1478 1564 1646 1624 xlv.

385 1720 699 1797 Pompeius
718 1764 738 1795 ‚
787 1722 1666 1783 adventantibus-Brundusium
1695 1722 1983 1782 consulum
2021 1725 2216 1783 navi-

386 1802 497 1861 bus·
514 1844 533 1876 ,
554 1802 969 1877 profectionem
994 1815 1195 1878 parat.
1224 1803 1547 1865 Caesariani
1589 1804 1808 1863 milites
1851 1804 2048 1879 oppidi
2077 1824 2214 1863 nm·-

384 1900 521 1939 νειηιΔ
551 1884 884 1940 ascendunt.
939 1882 1139 1942 Caesar
1168 1885 1229 1939 in
1273 1886 1624 1959 Hispaniam
1646 1882 1942 1959 proficisci
1979 1886 2223 1942 consti-.

384 1963 505 2017 tuit
528 2001 549 2033 ‚
578 1963 745 2031 cujus
772 1962 939 2031 jussu
982 1963 1266 2023 Valerius
1296 1966 1564 2044 Legatus
1607 1963 1946 2021 Sardiniam
1965 2004 1986 2036 ,
2037 1963 2214 2023 Curio
2240 1982 2250 1997 ·

374 2052 704 2115 propretor
722 2039 786 2099 .S
789 2042 1007 2099 iciliam
1062 2046 1241 2115 petit.
1287 2046 1431 2102 Coto
1464 2063 1540 2101 ex
1579 2045 1785 2118 oppido
1833 2060 1870 2099 a
1897 2042 2244 2101 Coronea·-

424 2122 519 2178 πίε
557 2121 875 2193 eiectus-in
908 2124 1181 2195 Africam
1198 2121 1397 2201 fugit.
1441 2124 1588 2181 Cato
1629 2126 1700 2179 de
1732 2122 2010 2199 Pompeio
2035 2140 2170 2203 que-

57 2230 134 2283 2²-
664 2241 668 2245 -
858 2204 1015 2261 fitur
1033 2243 1055 2279 ,
1082 2213 1146 2261 et
1176 2202 1452 2263 Siciliam
1491 2204 1734 2263 deserit.

266 2372 345 2437 27
465 2292 704 2437 Prope
748 2363 992 2421 dimidia
1038 2376 1203 2439 parte
1230 2364 1424 2439 operis
1462 2381 1496 2422 a
1525 2362 1750 2424 Caesare
1793 2360 2002 2420 effecta
2023 2403 2044 2435 ,
2074 2362 2246 2419 diem

380 2440 593 2515 busque
622 2445 681 2499 in
710 2462 781 2501 ea
808 2464 867 2499 re
896 2446 1248 2517 consumptis
1278 2462 1355 2503 xx.
1378 2486 1399 2518 ‚
1428 2463 1602 2502 naves
1631 2462 1666 2500 a
1695 2444 2019 2501 consulibus
2046 2442 2212 2517 Dyr?

380 2523 624 2579 rhachio
685 2525 929 2589 temissae
964 2566 984 2597 ‚
1033 2543 1153 2599 quae
1214 2526 1464 2598 priorem
1519 2538 1742 2599 partem
1795 2524 2082 2579 exercitus
2139 2540 2212 2581 eo

380 2604 828 2676 deportaverant
858 2640 879 2675 ,
909 2606 1286 2660 Brundusium
1341 2618 1732 2662 revertuntur.
1787 2602 2088 2677 Pompejus
2117 2604 2224 2675 si-·⁸
2431 2604 2433 2677 i

379 2700 455 2741 ve
494 2684 759 2757 operibus
786 2680 1024 2747 Caesaris
1060 2682 1348 2757 permotus
1368 2724 1389 2758 ‚
1417 2686 1544 2741 sive
1571 2686 1754 2741 etiam
1782 2684 1932 2756 quod
1965 2685 2040 2738 ab
2083 2683 2244 2739 ini-.
2431 2684 2433 2725 ἷ

384 2762 471 2819 tio
502 2763 673 2823 ltalia
702 2764 973 2820 excedere
1018 2764 1434 2837 constituerat,
1471 2765 1724 2821 adventu
1754 2764 1986 2817 navium
2020 2762 2214 2835 profe·

380 2844 635 2911 ctionem
680 2860 878 2915 parare
910 2844 1158 2917 incipit:
1190 2859 1292 2916 et,
1329 2862 1439 2919 quo
1496 2845 1723 2901 facilius
1754 2843 2030 2915 impetum
2072 2840 2214 2897 Cae-
2429 2736 2434 2929 i

378 2924 526 2980 saris
569 2925 864 2994 tardaret,
898 2940 965 2979 ne
995 2924 1095 2981 sub
1126 2924 1250 2997 ipsa
1285 2925 1640 3000 profectione
1681 2923 1895 2979 milites
1935 2922 2246 2999 oppidum·

376 3003 763 3078 irrumperent
784 3041 805 3077 ‚
838 3019 1033 3076 portas
1072 3005 1360 3075 obstruit,
1389 3006 1548 3061 vicos
1572 3044 1594 3077 ,
1638 3007 1964 3079 plateasque
1999 3002 2234 3058 inaedi-

378 3082 519 3139 ficat
540 3123 560 3154 ,
588 3082 737 3141 fosas
784 3098 1139 3141 transversas
1169 3084 1286 3140 viis
1319 3085 1592 3157 praeducit
1620 3125 1638 3157 ,
1669 3097 1840 3159 atque
1890 3082 1972 3161 ibi
2021 3081 2211 3155 sudes,
2429 3122 2431 3157 =

379 3162 723 3237 stipitesque
749 3179 1057 3237 praeacutos
1082 3162 1258 3237 defigi
1269 3179 1308 3219 t.
1343 3164 1478 3220 Haec
1507 3166 1726 3221 levibus
1753 3160 2006 3219 cratibus
2024 3199 2046 3231 ,
2075 3173 2208 3214 ter-
2429 3164 2431 3205 Ι

298 3256 309 3265 ·
378 3260 552 3315 taque
585 3245 847 3317 inaequat.
876 3243 1085 3299 Aditus
1104 3258 1318 3313 autem,
1341 3257 1512 3317 atque
1541 3245 1754 3309 itinera
1781 3244 1894 3297 duo
1914 3280 1932 3311 ,
1951 3257 2070 3315 quae
2090 3258 2206 3295 ex-

358 3333 475 3380 ·tra
524 3340 743 3379 murum
774 3324 847 3381 ad
888 3338 1121 3397 portum
1146 3324 1412 3384 ferebant
1431 3363 1454 3397 ,
1483 3324 1750 3381 maximis
1773 3320 1980 3381 defixis
2007 3320 2212 3377 trabi-
2429 3286 2432 3453 ι

1038 3426 1062 3467 Ι
