2459 3834
2169 12 2232 19 v-.
2261 14 2264 17 .

337 78 531 175 ,484
803 106 818 115 ’
869 104 970 157 ns
1023 102 1267 155 nunno
1322 97 1727 153 asmentia
1998 142 2011 146 -

369 192 504 238 cum
551 180 914 253 pedestribus
951 185 1136 256 copiis
1158 224 1178 255 ‚
1227 182 1353 237 acie
1400 179 1685 238 instructa
1708 221 1727 252 ,
1765 179 2196 243 dimicaturum.

258 271 338 330 14
375 260 523 319 Cum
557 264 821 337 utrinque
851 264 1211 337 exspectatio
1242 261 1455 334 fieret,
1434 276 1459 307 ⁰*
1483 276 1667 334 neque
1692 260 1883 317 Caesar
1910 280 1971 318 se
2002 280 2210 323 move-

369 357 463 401 ret
496 384 516 415 ,
569 356 630 399 et
679 358 844 398 cum
859 360 1084 401 suorum
1149 345 1439 417 paucitate
1484 356 1701 397 -contra
1758 356 2024 415 magnam
2078 347 2202 403 vim

371 422 642 481 hostium
661 422 914 480 artificio
957 420 1193 498 magis,
1246 440 1413 497 quam
1464 422 1739 494 viribus,
1778 422 2204 485 decernendum

371 505 644 573 videret·
674 504 863 559 subito
892 505 1353 561 adversariorum
1394 502 1687 575 equitatus
1716 518 1838 557 sese
1866 493 2206 580 extendere,

371 595 432 639 et
475 585 535 638 in
579 584 944 639 latitudinem
998 600 1383 658 promovere,
1440 584 1725 655 collesque
1764 586 2109 673 complecti,
2138 599 2205 645 et

263 703 280 721 Ι
371 661 619 718 Caesaris
641 664 982 737 ‘equitatum
1011 678 1359 734 extenuare,
1399 662 1677 745 simulque
1720 662 1793 716 ad
1826 665 2203 721 circumeun-

371 744 508 797 dum
565 758 902 817 comparare
955 760 1019 801 se
1045 736 1747 814 coeeperunt.Caesa1-iani
1798 738 2019 816 equites
2088 764 2209 803 eo-

370 836 498 878 rum
531 826 982 881 multitudinem
966 838 1138 901 tegre
1169 822 1545 881 sustinebant.
1588 822 1763 879 Acies
1802 823 2039 879 interim
2075 843 2211 883 me-

369 902 483 957 diae
529 920 656 958 cum
700 918 1041 961 concurrere
1081 918 1469 975 conarentur,
1515 903 1709 959 subito
1770 919 1839 957 ex
1890 906 2235 965 condensis·

370 984 576 1041 turmis
619 984 900 1041 Numidae
935 987 1080 1041 levis
1127 996 1429 1041 armaturas
1464 1000 1595 1039 cum
1626 982 1915 1075 equitibus
1960 1002 2221 1089 procur-

369 1078 546 1133 runt,
587 1078 648 1120 et
679 1066 830 1121 inter
863 1067 1209 1140 legionarios
1248 1065 1467 1139 pedites
1493 1062 1677 1136 jacula
1708 1062 2042 1136 conjiciunt.
2076 1050 2221 1125 Hic¹

365 1155 494 1199 cum
525 1142 836 1199 Caesariani
879 1147 938 1201 in
981 1164 1080 1201 eos
1121 1147 1401 1239 impeturn
1428 1143 1729 1214 fecissent,
1768 1144 2001 1199 illorum
2031 1150 2199 1221 equi·-

364 1232 452 1279 tes
477 1223 878 1299 refugiebant:
915 1226 1134 1301 pedites
1164 1227 1401 1281 interim
1443 1223 1787 1278 resistebant
1810 1262 1840 1295 ,Ι
1860 1224 1993 1289 dum
2022 1229 2201 1301 equi..

367 1312 456 1359 tes
491 1322 680 1360 rursus
700 1345 721 1379 ,
747 1322 914 1361 cursu
945 1320 1222 1363 renovato
1244 1345 1263 1378 ,
1298 1303 1583 1378 peditibus
1608 1304 1725 1359 suis
1767 1320 2195 1367 succurrerent.

249 1396 324 1458 τις
355 1381 562 1439 caesar
591 1424 611 1456 ,
659 1402 808 1442 novo
868 1401 1077 1460 genere
1145 1403 1335 1461 pugnae
1395 1384 1591 1441 oblato
1614 1422 1636 1457 ,
1698 1400 1828 1449 cum
1876 1387 2196 1444 adnimad-

365 1478 623 1520 verteret
673 1467 902 1523 ordines
939 1483 1168 1523 suorum
1209 1469 1269 1521 in
1312 1464 1695 1539 procurrendo
1728 1463 1994 1537 turbari,
2032 1471 2199 1540 (pe-

309 1580 313 1583 «
361 1542 515 1601 dites
565 1547 759 1617 enim,
795 1547 930 1603 dum
980 1548 1201 1622 equites
1241 1546 1537 1619 longiusa
1592 1545 1769 1617 siguis
1822 1563 2201 1620 persequun—

362 1635 501 1695 tur,
545 1628 730 1681 latere
780 1629 994 1684 nudato
1023 1668 1042 1698 ,
1071 1644 1114 1687 ,a
1167 1626 1443 1699 proximis
1490 1624 1762 1681 Numidis
1804 1625 2008 1698 jaculis
2052 1632 2197 1684 vul-.-

355 1705 747 1778 metabantur,
797 1708 1018 1781 equites
1049 1721 1243 1764 autem
1280 1706 1529 1762 hostium
1572 1705 1765 1777 pilum.
1794 1706 2006 1763 militis
2046 1725 2190 1764 cur-

314 1816 317 1823 ·
361 1785 638 1849 susacile
687 1788 995 1858 vitabant)
1041 1788 1245 1843 edicit‘
1275 1805 1373 1859 per
1401 1786 1691 1854 ordines,
1732 1802 1804 1839 ne
1852 1787 1981 1859 quis
2022 1790 2187 1846 miles

357 1880 403 1920 α·
424 1865 604 1939 signis
633 1884 711 1921 ιν.
749 1868 916 1941 pedes
956 1868 1181 1942 longius
1216 1866 1566 1938 procederet.
1609 1864 1917 1937 Equitatus
1948 1868 2189 1927 interim

357 1943 603 2001 Labieni
649 1962 878 2002 suorum
915 1948 1285 2003 multitudine
1326 1944 1567 2003 confisus
1622 1942 1866 2001 Caesaris
1918 1950 2193 2019 paucita-

254 2091 262 2100 ,
355 2035 484 2079 τοιιι
509 2025 815 2081 circumire
841 2038 1103 2083 conatur.
1137 2026 1377 2100 Equites
1408 2026 1443 2097 J
1450 2026 1627 2081 uliani
1678 2026 1876 2099 pauci,
1904 2030 2195 2086 multitu-

355 2104 494 2159 dine
542 2104 794 2163 hostium
853 2104 1114 2179 defessi,
1167 2107 1335 2179 ‘equis
1377 2106 1804 2161 convulneratis
1832 2146 1852 2177 ‚
1906 2111 2189 2181 paulatim

354 2184 598 2242 cedere:
655 2185 840 2243 hostis
887 2181 1080 2266 magis
1111 2226 1130 2257 ,
1179 2188 1473 2261 magisque
1528 2187 1765 2242 instare.
1816 2185 1907 2241 Ita
1966 2204 2191 2261 puncto

354 2266 634 2339 temporis
676 2267 940 2324 omnibus
977 2269 1311 2343 legionariis
1359 2267 1430 2322 ab
1470 2266 1721 2323 hostium
1766 2269 2026 2340 equitatu
2054 2272 2196 2325 cir·

354 2359 622 2402 cumvent
629 2346 678 2401 is
706 2345 1120 2423 ,Caesarisque
1174 2348 1360 2421 copiis
1402 2348 1461 2402 in
1512 2347 1711 2402 orbem
1752 2352 2063 2422 compulsis
2077 2348 2187 2422 ‚¹⁸

238 2420 314 2478 16
347 2428 509 2482 intra
552 2430 835 2485 cancellos
861 2444 1060 2485 omues
1103 2428 1349 2503 conjecti
1383 2444 1633 2501 pugnare
1674 2428 2041 2501 cogebantur.
2069 2431 2193 2486 Ln-

353 2506 552 2562 bienus
586 2507 648 2560 in
689 2524 834 2581 equo
875 2510 1071 2580 capite
1100 2510 1290 2579 nudo,
1320 2508 1539 2564 versari
1582 2508 1643 2561 in
1678 2509 1863 2579 prima
1893 2512 2021 2565 acie
2042 2548 2061 2582 ,
2090 2512 2193 2567 si·-

349 2589 468 2643 mul
517 2602 646 2642 suos
696 2586 1036 2659 cohortari,
1087 2605 1487 2681 nonnunquam
1546 2588 1896 2661 legionarios
1935 2587 2187 2649 Caesaris

345 2666 436 2722 :i'ta
480 2669 811 2739 appellare.
849 2665 1074 2741 „Quid
1125 2682 1226 2740 tu,
1267 2670 1503 2745 inquit,
1520 2667 1702 2723 miles
1731 2668 1895 2741 tiro,
1938 2681 2059 2726 tam
2086 2671 2190 2727 fe·

347 2750 574 2803 roculus
613 2744 722 2802 es?
765 2745 890 2803 Vos
919 2754 1156 2822 quoque
1177 2749 1289 2805 iste
1321 2748 1512 2803 verbis
1552 2748 1889 2803 infatuavit.
1943 2748 2009 2803 In
2044 2768 2186 2807 ma-

349 2821 525 2901 gnum
560 2829 883 2883 mehercule
923 2845 1032 2891 vos
1072 2830 1387 2921 periculum
1434 2829 1684 2900 impulit.
1728 2826 2077 2885 Misereor
2066 2848 2186 2885 ve-

347 2908 479 2962 stri.
526 2905 668 2962 Tum
707 2906 920 2965 miles:
951 2908 1088 2965 Non
1127 2926 1301 2981 sum,
1331 2909 1561 2985 inquit,
1582 2908 1741 2981 tiro,
1766 2908 2047 2980 Labiene,
2072 2909 2173 2966 sed

297 3034 303 3041 .
347 2986 422 3043 de
461 2987 689 3063 legione
733 3003 790 3044 x.
823 3000 1146 3046 veteranus.
1186 2988 1332 3047 Tum
1380 2988 1718 3047 Labienus:
1762 3006 1877 3046 non
1906 3006 2179 3066 agnosce,

409 3203 474 3251 18
541 3206 686 3251 Intra
721 3208 964 3253 cancellos.
983 3203 1004 3254 )
1051 3203 1225 3252 veluti
1288 3204 1393 3252 illis
1418 3209 1661 3265 pugnent.
1684 3206 1893 3254 cancelli
1914 3203 2057 3254 euim
2080 3202 2187 3253 hen

341 3264 578 3313 damnati
626 3265 839 3324 bestiis,
886 3266 1021 3317 intra
1077 3276 1221 3327 septa
1289 3269 1403 3319 loco
1433 3280 1581 3328 septa
1600 3278 1738 3318 sunt.

339 3328 632 3387 conclusis,
667 3301 1011 3391 objiciuntur,
1031 3338 1086 3381 ut
1103 3342 1222 3381 cum
1308 3366 1313 3373 .
