2459 3834
439 41 591 144 386
1003 65 1131 118 DE.
1154 65 1399 120 Βειιο
1451 63 1692 116 crvm

434 147 667 203 domum
716 145 1077 204 avertebant.
1134 145 1358 219 Quibus
1431 145 1520 200 illi
1557 139 1780 199 „rebus'
1823 139 2072 215 permoti
2107 141 2304 198 ‘nni-

434 231 587 282 versi
630 225 915 284 Caesarem
974 227 1238 282 adierunt
1264 264 1283 296 ,
1341 229 1644 298 palamque
1683 224 1762 280 de
1795 237 1994 278 eorum
2051 220 2306 296 injuriis

433 321 565 364 sunt
606 310 837 380 questi;
876 321 937 362 et
980 307 1050 362 ad
1104 320 1312 362 caetera
1359 305 1708 362 addiderunt
1735 341 1758 375 ,
1806 301 2010 356 falsum
2061 301 2140 356 ab
2195 303 2304 360 his

434 389 690 459 equitum
726 403 1019 443 numerum
1058 385 1318 456 deferri,
1346 401 1584 459 quorum
1631 382 1988 456 stipendium
2031 395 2302 438 averte-

312 475 396 533 60
436 483 579 522 rent.
624 464 816 531 Caesar
869 484 1049 540 neque
1116 479 1337 537 tempus
1385 468 1526 520 illud
1571 462 2090 519 animadversionis
2155 478 2301 520 esse

434 545 770 602 existimans
794 586 815 617 ,
865 560 925 602 et
985 548 1165 602 multa
1214 547 1426 600 virtuti
1475 560 1678 602 eorum
1731 543 2053 602 concedens
2083 580 2104 612 ,
2158 557 2297 598 rem

430 625 659 682 distulit
712 639 940 697 totnm;
992 624 1123 682 illos
1166 639 1396 708 §ecreto
1443 623 1802 699 castigavit,
1849 623 1998 698 quod
2029 623 2296 696 questui

426 708 651 778 equites
707 705 1025 778 haberent,
1081 707 1418 779 monuitque
1446 745 1467 778 ,
1521 719 1585 760 ut
1623 720 1724 761 sua
1767 703 2032 758 amicitia
2074 703 2294 760 omnia

426 798 830 856 exspectarent
851 825 870 858 ,
900 800 959 842 et
1002 802 1071 842 ex
1104 787 1412 859 praeteritis
1461 787 1576 841 suis
1625 782 1841 840 officiis
1869 785 2090 856 reliqua
2123 799 2294 856 spe·-

426 879 645 920 rarent.
688 865 899 942 Magna
940 880 1133 924 tannen
1167 869 1286 921 haec
1318 881 1408 922 res
1438 866 1556 920 iuis
1597 856 1972 921 offensionem
1994 901 2015 934 ,
2043 873 2104 917 et
2128 879 2288 920 con-

426 946 808 1018 temptionem
837 947 911 1001 ad
962 963 1159 1002 omnes
1206 948 1428 1001 attulit.
1487 945 1666 1019 quue
1705 946 1793 1000 ita
1841 959 1966 999 esse
2007 957 2140 998 cum
2201 959 2288 1003 ex

426 1025 673 1082 aliorum
703 1026 1223 1082 obtrectationibus
1245 1064 1264 1097 ,
1295 1038 1414 1082 tum
1459 1027 1640 1082 etiam
1671 1041 1746 1080 ex
1793 1017 2140 1080 domestico'
2163 1020 2282 1096 ju·-

425 1103 585 1162 dicio
614 1145 633 1178 ,
663 1118 837 1181 atque
866 1105 1044 1162 animi
1094 1106 1450 1164 conscientia
1489 1103 1911 1180 intelligebant.
1955 1101 2088 1176 Quo
2145 1119 2272 1176 pu-

425 1183 567 1256 dore
607 1185 845 1241 adducti
875 1224 895 1257 ,
924 1198 984 1241 et
1015 1185 1260 1243 fortasse
1288 1202 1349 1243 se
1395 1203 1507 1242 non
1551 1185 1789 1240 liberari
1815 1221 1834 1256 ,
1855 1183 1972 1240 ⁸sed
2007 1183 2069 1238 in
2097 1184 2268 1243 aliud

424 1275 649 1338 tempus
678 1266 1266 1322 reservarLarbitrati
1290 1306 1310 1338 ,
1333 1267 1628 1321 discedere
1657 1282 1692 1320 a
1721 1264 1919 1334 nobis,
1947 1275 2007 1318 et
2045 1279 2270 1320 novam

423 1355 652 1400 tentare
681 1345 992 1418 fortunam,
1016 1363 1302 1419 novasque
1331 1346 1586 1418 experiri
1605 1344 1922 1414 amicitia,
1941 1345 2266 1402 constitue·

422 1439 601 1497 runt,
630 1439 689 1482 et
720 1442 847 1483 cum
872 1428 1065 1499 paucis
1092 1426 1365 1482 collocuti
1385 1427 1692 1482 clientibus
1720 1425 1858 1498 suis,
1887 1423 2092 1498 quibus
2113 1437 2266 1480 tan-

422 1514 545 1560 tum
580 1504 804 1563 facinus
830 1508 1201 1565 committere
1242 1506 1554 1579 audebant,
1585 1503 1828 1579 primum
1871 1505 2071 1560 conati
2120 1517 2264 1564 sunt

422 1583 753 1656 praefectum
800 1588 1058 1660 equitum
1108 1584 1177 1641 C.
1210 1586 1558 1644 Volusenum
1611 1581 1982 1651 interficere(
2016 1597 2082 1638 ut
2133 1601 2260 1656 po-

417 1677 569 1734 stea,
594 1665 745 1722 bello
762 1666 1055 1738 confecto,
1076 1669 1370 1739 cognitum
1399 1671 1529 1738 est)
1557 1679 1618 1720 ut
1639 1682 1768 1722 cum
1791 1680 2019 1720 munere
2047 1664 2250 1738 aliquo

416 1745 739 1818 perfugisse
769 1747 838 1800 ed
865 1745 1197 1819 Pompejum
1220 1748 1572 1802 viderentur.
1596 1744 1906 1819 Postquam
1935 1743 1992 1798 id
2010 1741 2250 1798 diffici-

416 1823 528 1881 lius
551 1827 733 1883 visum
764 1837 851 1882 est
875 1865 895 1897 ‚
926 1843 1105 1900 neque
1132 1826 1375 1882 facultas
1395 1825 1732 1900 perficiendi
1759 1827 2000 1880 dabatur
2023 1861 2042 1893 ‚
2067 1837 2248 1896 quam

416 1906 697 1961 maximas
728 1920 1035 1978 potuerunt
1067 1907 1354 1978 pecunias,
1377 1907 1646 1978 mutuati,
1667 1907 1906 1982 perinde
1923 1920 1994 1960 ac
2015 1903 2254 1960 satisfa-

412 1997 547 2038 cere
576 2024 596 2055 ,
643 1997 704 2040 et
761 1985 1027 2042 fraudata
1080 1987 1388 2042 restituere
1433 1989 1680 2058 vellent,
1722 1986 1916 2041 multis
1961 1987 2252 2057 coemptis

374 2111 378 2118 .
416 2065 599 2136 equis,
618 2066 692 2120 ad
723 2063 1051 2140 Pompejum
1088 2069 1436 2122 transierunt
1467 2067 1716 2136 canaiis,
1736 2081 1872 2140 ques
1900 2066 1988 2120 sui
2012 2065 2249 2124 consilii

298 2141 373 2200 61
422 2145 733 2218 partipres
767 2146 1070 2202 habebant.
1103 2143 1262 2220 Quos
1294 2146 1612 2222 PompejuS,
1637 2146 1788 2220 quod
1808 2157 1974 2201 erant
1997 2146 2246 2204 honesto

417 2227 547 2280 loco
580 2226 699 2280 nati
730 2265 750 2297 ,
778 2238 840 2282 et
888 2227 1154 2283 instructi
1198 2227 1516 2281 liberaliter
1539 2266 1558 2299 ,
1581 2241 1898 2300 magnoque
1936 2226 2244 2300 comitatu,

413 2316 477 2360 et
510 2306 707 2361 multis
745 2304 1013 2379 jumentis
1042 2317 1319 2360 venerant
1344 2346 1364 2378 ,
1391 2306 1616 2379 virique
1647 2305 1830 2362 fortes
1861 2305 2245 2380 habebantur,

413 2396 475 2438 et
519 2385 579 2439 in
622 2384 837 2442 honore
885 2389 1033 2459 apud
1068 2383 1351 2442 Caesarem
1391 2386 1617 2440 fuerant
1642 2425 1662 2458 ‚
1701 2384 1963 2460 quodque
2005 2402 2242 2460 novum,

411 2475 472 2518 et
500 2477 703 2534 praeter
735 2466 1202 2522 consuetudinem
1235 2466 1567 2537 acciderat,
1600 2483 1699 2539 per
1723 2464 1918 2524 omnia
1945 2482 2044 2521 sut
2079 2483 2237 2538 ρεα-

410 2542 559 2598 sidia
608 2545 1028 2616 circumduxit,
1056 2559 1227 2618 atque
1269 2547 1606 2602 ostentavit.
1638 2545 1790 2602 Nam
1813 2558 1949 2602 ante
1977 2545 2036 2600 id
2072 2559 2239 2600 tem-

406 2637 511 2696 pus
544 2639 709 2680 nemo
736 2639 836 2679 aut
868 2627 1031 2682 miles
1051 2664 1071 2696 ,
1104 2639 1204 2681 aut
1237 2641 1408 2700 eques
1449 2641 1484 2681 a
1515 2623 1742 2682 Caesare
1782 2627 1854 2682 ad
1897 2624 2232 2700 Pompejum

406 2704 722 2758 transierat
744 2743 762 2773 ,
812 2721 937 2760 cum
992 2721 1134 2779 pene
1176 2706 1439 2779 quotidie
1467 2723 1502 2760 a
1531 2705 1804 2780 Pompejo
1832 2705 1904 2760 ad
1945 2701 2244 2765 Caesarem·

402 2781 811 2857 pei-fugerent,
844 2788 1017 2862 vulgo
1048 2800 1187 2840 vero
1238 2785 1300 2840 in
1347 2785 1526 2857 Epiro
1549 2825 1569 2856 ,
1607 2799 1782 2859 atque
1829 2784 2062 2840 AEtolia
2091 2802 2232 2842 cun-

404 2864 611 2933 scripti
667 2865 927 2935 milites,
968 2881 1274 2938 earumque
1323 2866 1620 2938 regionum
1659 2866 1959 2936 omnium,
2013 2881 2133 2942 quae
2191 2883 2230 2922 ι

404 2939 631 2998 Caesare
671 2945 1031 3001 tenebantur.
1077 2941 1137 2988 ⁶³
1181 2944 1292 3000 Sed
1345 2944 1404 2998 hi
1426 2983 1447 3016 ,
1474 2945 1728 3020 cognitis
1755 2946 2016 3001 omnibus
2045 2947 2230 3020 rebus,
2277 3011 2286 3018 ⁸

406 3038 508 3078 seu
530 3023 665 3098 quid
698 3023 759 3080 in
790 3023 1206 3092 munitionibus
1237 3023 1553 3098 perfectum
1583 3026 1708 3081 non'
1729 3037 1857 3081 erat
1879 3066 1902 3099 ,
1921 3041 2017 3082 seu
2039 3026 2228 3101 quide

464 3209 531 3269 63
566 3272 577 3284 .
602 3213 699 3260 secl
730 3213 795 3259 bi.
821 3211 841 3266 )
870 3212 1165 3274 Allobroges
1186 3213 1290 3262 duo
1354 3212 1524 3278 inquit
1543 3247 1558 3272 ‚
1593 3213 1771 3268 omnic
1818 3215 1887 3268 nd
1929 3213 2224 3280 Pompeium

404 3277 684 3336 transiugae
705 3287 849 3336 ,cam
872 3286 1091 3328 nasset.
1114 3277 1296 3342 osmi,
1354 3277 1664 3332 detulerunt.
