2459 3834
499 82 503 89 .
530 52 683 135 574
1035 52 1139 105 DE
1171 54 1410 107 BELLO
1437 53 1737 106 HlsPAN.

497 158 570 212 ‘‚,
593 137 771 205 etiam
798 130 1080 191 beneficio
1110 134 1474 190 tenebrarum
1502 150 1536 189 e
1575 144 1888 205 conspectu
1911 132 2181 193 hostium
2225 155 2368 197 eva·
2432 116 2433 119 Ἴ

501 256 572 291 .„
590 215 815 270 derent.
859 211 1030 285 Quod
1060 229 1189 267 cum
1218 214 1440 276 diceret
1461 252 1484 284 ,
1525 230 1693 269 unum
1724 232 1794 271 ex
1822 217 2147 273 astantibus
2170 254 2194 289 ,
2270 236 2365 276 re·

526 334 569 371 κ
588 292 881 367 spondisse
900 332 921 365 ,
952 306 1015 370 ut
1045 310 1241 365 pugnae
1275 294 1465 366 potius
1485 330 1506 362 ,
1535 309 1704 365 quam
1735 293 1874 367 fugae
1901 296 2128 369 signum
2167 298 2374 373 ἀετοῖς

528 388 824 452 „cumque
874 372 973 446 qui
1003 372 1063 425 id
1114 372 1398 443 dixisset,
1443 371 1602 446 quasi
1629 373 1763 429 duci
1812 375 2103 447 ignaviam
2137 392 2368 449 expro-

524 496 568 531 ‚,
590 454 779 509 brasse
800 490 820 523 ‚
868 450 997 505 neci
1048 449 1265 521 datum.
1321 453 1455 507 Haec
1483 468 1702 523 quoque
1751 468 1844 507 res
1891 470 1960 508 ex
1993 454 2264 529 profugis
2297 474 2377 512 a-

524 574 567 611 „
586 532 748 610 gnita
773 570 794 602 ,
844 529 998 585 intus
1028 546 1249 605 quoque
1290 530 1352 586 in
1393 530 1603 604 oppido
1631 532 1945 605 angustiae,
1993 534 2078 587 ita
2121 540 2374 592 necesse

520 653 567 688 ‚,
586 625 715 684 est,
761 608 1116 665 crescebant.
1162 610 1436 667 Matrona
1479 626 1512 665 e
1543 626 1702 667 muro
1731 612 2038 683 desiliens,
2085 612 2255 668 dixit
2309 618 2368 671 ω’

524 707 714 769 „cum
762 689 971 745 ancilla
1017 704 1117 744 sua
1166 690 1434 745 statuisse
1485 690 1877 765 transfugerez
1928 692 2129 763 illam,
2195 693 2362 750 forte

523 812 571 848 „
590 768 825 845 cognito
857 769 1151 841 proposito
1172 805 1193 840 ,
1238 769 1587 844 jugulatam:
1637 786 1700 825 se
1728 768 1860 843 fuga
1890 770 2180 842 praecipiti
2211 788 2356 829 eva-

518 848 569 926 '‚,
588 851 745 906 sisse.
794 847 1044 905 Tabellae
1072 864 1292 921 quoque
1321 866 1354 904 e
1403 848 1580 916 muris
1609 847 1868 922 projectae
1889 862 2040 905 sunt
2071 850 2358 925 inventae,

526 931 653 1006 „in
684 929 884 1004 quibus
912 928 999 982 sic
1026 927 1096 982 ad
1138 927 1370 983 literam
1399 928 1676 1001 scriptum
1707 940 1833 1001 erat
1857 944 1874 983 t
1914 926 1985 984 C.
2015 928 2362 987 Munatitus

525 1052 570 1086 ‚,
586 1007 838 1066 Caesari:
878 1006 931 1065 si
974 1006 1118 1061 mihi
1148 1008 1330 1062 vitam
1362 1007 1567 1063 tribuis
1589 1046 1610 1078 ,
1647 1008 1915 1080 quoniam
1945 1024 1980 1062 a
2025 1006 2138 1063 Cn.
2177 1010 2362 1065 Pom·

526 1131 567 1165 ,‚
592 1088 718 1163 pejo
746 1103 869 1144 sum
911 1084 1167 1141 desertus
1186 1120 1205 1157 ,
1253 1089 1478 1161 qualem
1508 1102 1599 1141 me
1627 1085 1715 1141 illi
1747 1086 1986 1159 praestiti
2008 1125 2030 1159 ,
2069 1088 2184 1142 tali
2220 1092 2359 1145 vir-

524 1180 715 1243 „tute
744 1205 765 1238 ‚
812 1164 990 1227 etiam
1038 1168 1364 1221 constantia
1411 1165 1660 1224 futurum
1700 1174 1791 1221 me
1826 1165 1886 1220 in·
1935 1179 1996 1237 te
2042 1168 2361 1239 praestabo-

525 1245 765 1323 „Simul
796 1257 858 1301 et
886 1244 1065 1319 legati
1091 1283 1112 1316 ‚
1148 1246 1248 1319 qui
1279 1246 1432 1319 prius
1473 1256 1749 1299 venerant
1767 1284 1788 1316 ,
1827 1245 1898 1301 ad
1927 1242 2216 1301 Caesarem
2235 1250 2358 1303 ‘re-

514 1327 835 1401 '„dierunt.
888 1323 1105 1381 Eorum
1155 1325 1347 1381 oratio
1391 1324 1632 1397 simplex
1671 1322 1825 1396 fuit,
1883 1336 1944 1379 et
1991 1340 2196 1397 aperta
2225 1360 2246 1398 5
2291 1341 2357 1384 et

526 1448 571 1482 „
592 1405 803 1462 brevis·
844 1401 905 1459 Si
946 1404 1031 1459 eis
1060 1404 1244 1461 vitam
1286 1404 1596 1479 largiretur
1614 1442 1636 1476 ,
1673 1418 1734 1459 se
1762 1404 1858 1459 die
1881 1406 2142 1477 proximo
2165 1408 2357 1480 oppi-

528 1488 723 1560 „dum
779 1483 1094 1539 dedituros.
1154 1482 1374 1557 Quibus
1433 1480 1623 1541 Caesar
1666 1481 1776 1539 hoc
1816 1500 1983 1540 unum
2024 1484 2207 1540 breve
2249 1502 2354 1541 re-
2432 1554 2433 1559 η

527 1557 855 1641 „spondita
906 1550 1098 1622 Caesar
1144 1580 1308 1636 sum,
1368 1560 1540 1619 fidem
1597 1562 1890 1634 praestabo.
1931 1560 2028 1619 Sic
2073 1562 2354 1621 effectum

528 1645 677 1719 „e'st
699 1684 723 1717 ,
763 1656 825 1699 ut
850 1653 987 1699 ante
1014 1643 1167 1699 diem
1206 1661 1286 1699 11.
1329 1642 1563 1699 Kalend.
1605 1638 1815 1699 Martii
1857 1642 2067 1715 oppido
2110 1646 2351 1716 potire-

474 1766 477 1771 .
527 1737 702 1799 „tun
733 1722 799 1779 Id
829 1738 958 1779 enm
988 1724 1044 1778 ἔα
1084 1720 1354 1796 Pompejo
1402 1721 1866 1795 cognitum-est,
1915 1723 2182 1801 deposita
2233 1741 2355 1797 spe,

526 1844 573 1879 ‚‚
595 1819 839 1879 curaque
911 1799 1188 1859 Cordubae
1273 1800 1637 1859 defendendae
1657 1834 1678 1869 ,
1748 1801 2062 1875 castrisque
2144 1796 2352 1875 motiS,

528 1882 860 1957 „abscessit
880 1897 1007 1953 ,ac
1035 1870 1282 1949 Ucubi-'m
1333 1872 1603 1955 op'pidum'
1648 1880 1841 1953 petiit.
1889 1879 2089 1954 Ibique
2117 1898 2355 1940 convo-
2432 1884 2433 1925 ἐ

528 1963 736 2035 „catis
753 1962 783 2034 ,‘
834 1972 999 2033 quos]
1022 1960 1135 2015 sibi
1186 1958 1331 2016 fidos
1381 1958 1808 2034 arbitrabatur,
1833 2026 1836 2035 Ι
1866 1959 2225 2035 imperavit,
2287 1968 2354 2019 ut

528 2054 807 2114 „summo
856 2038 1049 2095 studio
1099 2040 1538 2113 perquirerent,
1577 2040 1674 2115 qui
1721 2040 1796 2096 ad
1845 2055 1974 2103 eum
1999 2079 2021 2111 ,
2057 2040 2232 2113 quive
2282 2032 2356 2099 ad
2432 2066 2433 2103 3

516 2114 870 2195 '‚,Caesarem
900 2118 1066 2191 proni
1112 2131 1321 2175 essent.
1371 2118 1555 2193 Quod«
1587 2135 1716 2195 curn
1743 2119 1924 2189 adse
1971 2120 2218 2175 relatum
2264 2139 2354 2177 es-

528 2228 572 2276 ,·‚
588 2212 721 2274 set,
758 2207 908 2255 exst.
939 2214 1009 2255 ex
1050 2197 1179 2272 his,
1226 2198 1321 2274 qui
1355 2197 1611 2255 faventes
1650 2196 1899 2255 Caesaris
1934 2199 2203 2255 'victoriae
2249 2194 2356 2255 di·-

528 2320 574 2355 „
595 2281 870 2337 cebantur
890 2318 913 2351 ,
954 2280 1114 2353 quasi
1142 2276 1430 2344 Caesarem
1462 2292 1652 2351 amare
1677 2278 1877 2353 ingens
1920 2277 2139 2336 crimen
2179 2295 2359 2355 esset,

528 2360 775 2436 „securi
824 2360 973 2423 ictos
1020 2358 1257 2415 occidit.
1306 2358 1576 2431 Reliquos
1620 2358 1779 2413 intra
1831 2358 2109 2429 sppidunr
2151 2358 2356 2415 inela-

528 2466 573 2513 5,
592 2441 711 2512 sit,
758 2438 797 2480 ¹*
846 2438 1133 2512 equitibus
1180 2454 1322 2507 vx..
1358 2438 1593 2493 reclusis
1645 2436 1920 2509 custodiis
1950 2436 2020 2491 ad
2065 2434 2356 2495 Caesarem

528 2539 570 2592 ,⁴,
593 2509 1035 2591 transfugerunt.
1083 2514 1276 2577 Multa
1327 2528 1600 2592 praeterea
1666 2516 1739 2570 ab
1808 2512 1952 2589 ipsis
1992 2514 2386 2590 Pompejanis.

532 2638 575 2672 „
597 2615 696 2671 per
724 2597 955 2653 eosdem
984 2596 1107 2651 dies
1136 2588 1447 2652 crudeliter
1475 2598 1638 2671 gesta
1666 2606 1796 2650 sunt
1819 2628 1841 2667 5
1882 2610 1984 2651 ceu
2015 2598 2356 2671 praesagien-

533 2718 577 2753 ‚‚
598 2677 749 2735 tibus
774 2676 885 2731 fati
911 2676 1069 2747 >diem
1109 2676 1219 2731 sibi
1250 2676 1486 2750 instare,
1513 2690 1572 2730 et
1601 2675 1718 2747 (qui
1753 2690 1872 2731 mos
1901 2674 2052 2729 ferus
2079 2690 2167 2731 est
2197 2692 2352 2749 quo-

2428 419 2434 455 1

486 2749 490 2758 ’
535 2798 578 2834 ,‚
599 2756 893 2829 rumdam)
930 2754 1168 2812 inferias·
1216 2745 1327 2809 sibi
1374 2750 1722 2827 liraemittere
1768 2754 1957 2809 aliena
1997 2752 2148 2809 caede
2192 2774 2352 2828 quae-
2432 2752 2433 2755 ’

538 2878 581 2912 ,,
601 2837 879 2894 rentibus.
954 2832 1256 2907 Pompej'us
1325 2833 1437 2909 hoc
1505 2846 1763 2905 tempore
1811 2834 2346 2907 magnanimitatem

538 2956 580 2991 „
602 2933 758 2973 suam
781 2956 802 2988 ,
850 2916 1029 2971 etiam
1058 2922 1282 2969 metum·
1315 2911 1558 2984 Caesaris
1593 2912 1916 2968 simulabat.
1938 2913 2190 2967 Inventae
2218 2924 2351 2969 sunt

510 2997 781 3070 e„lite-rave
810 2993 929 3069 ejus
964 2994 1327 3051 continentes
1353 3009 1368 3047 ε
1407 2989 1690 3049 Caesarem
1721 3008 1834 3048 non
1865 2992 2081 3065 ,audere
2107 2992 2166 3045 in
2192 3008 2350 3047 cam·-
2432 3046 2433 3051 ,

535 3114 582 3152 ‚,
604 3093 733 3148 pum
760 3075 956 3147 copias
983 3074 1225 3129 educere
1248 3110 1269 3145 ,
1304 3072 1420 3148 suis
1447 3072 1748 3129 ·tironibus
1776 3068 2166 3127 diffidentibus
2191 3090 2214 3142 3
2251 3070 2348 3145 qui

538 3193 584 3229 ‚‚
602 3156 651 3210 si
709 3154 932 3226 copiam
962 3153 1144 3227 -oequis
1184 3151 1248 3205 in
1294 3152 1436 3209 locis
1485 3150 1786 3225 aliquando
1833 3150 2091 3220 faceret,
2131 3165 2193 3205 se
2228 3165 2344 3205 rem

540 3270 586 3310 „
605 3233 857 3291 omnium
884 3231 1153 3309 opinione
1180 3231 1426 3291 celerius
1461 3230 1896 3307 coniecturum5
1929 3221 2118 3314 ‚idque
2154 3244 2214 3285 se
2239 3246 2344 3285 ex·-
2431 3288 2433 3293 .
