2459 3834
704 124 713 129 ‘
778 122 1102 175 LIBER
1182 124 1350 193 VH·
1833 128 1982 206 199

158 200 434 281 gerendae.
478 201 633 271 Nam
676 218 805 259 cum
852 205 1074 259 minora
1137 205 1197 260 in
1249 216 1442 259 castra
1493 205 1684 279 operis
1707 196 1725 209 ⁸
1745 214 1980 283 perspi·-

160 287 347 342 ciendi
378 302 545 341 causa
585 287 864 354 venisset,
894 284 1308 340 animadvertit
1337 288 1580 359 collem,
1623 288 1715 361 qui
1749 289 1820 345 ab
1861 296 1977 346 ho·
2035 360 2037 362 ι

158 366 335 421 stibus
370 366 687 437 tenebatur,
708 366 975 419 nudatum
1010 365 1334 419 hominibus
1367 370 1388 437 ,¹
1437 366 1533 439 qui
1592 370 1977 439 superioribus

156 444 347 500 diebus
398 446 499 500 vix
554 461 663 517 prae
712 443 1079 499 multitudine
1112 441 1270 499 cerni
1323 458 1566 515 poterat.
1621 446 1978 523 Admiratus,

150 526 349 596 querit
390 542 463 579 ex
522 523 773 597 perfugis
830 540 1095 596 causam,
1140 540 1378 598 quorum
1433 542 1666 600 magnus
1715 528 1789 583 ad
1843 545 1974 585 eum

148 604 409 677 quotidie
460 620 727 659 numerus
774 602 1111 659 confluebat.
1166 602 1484 659 Constabat
1540 607 1693 661 luter
1759 624 1976 679 omnes,
2069 629 2078 650 ν

148 684 297 755 quod
327 682 439 757 jam
470 684 593 757 ipse
628 680 817 738 Caesar
850 700 949 754 per
978 686 1370 755 exploratores
1403 699 1751 758 cognoverat
1776 726 1796 758 ,
1838 688 1994 767 dor·-¹

148 778 277 817 sum
314 779 433 819 esse
482 762 603 839 ejus
640 762 764 837 jugi
804 777 979 835 prope
1008 779 1218 835 aequum
1244 801 1264 834 ,
1292 763 1390 818 sed
1419 764 1684 821 silvestre
1705 804 1724 835 ‚
1753 779 1816 820 et
1859 784 1975 822 an·-

154 856 407 913 gustum,
427 860 537 917 qua
568 855 718 899 esset
748 842 939 897 aditus
966 843 1037 898 ad
1066 846 1308 897 alteram
1343 856 1562 913 partem
1591 846 1831 917 oppidi,
1862 863 1974 902 ve-

152 919 441 977 hementer
482 922 620 978 huic
666 923 795 977 illos
844 924 970 978 loco
1020 923 1263 994 timere,
1295 938 1398 977 nec
1445 922 1557 996 jam
1589 924 1760 979 aliter
1790 927 1973 981 senti-

150 1014 251 1072 re,
284 1018 391 1057 uno
420 1004 575 1057 colle
620 1002 693 1056 ab
734 1002 1011 1058 Romanis
1060 1014 1381 1073 occupato,
1431 1002 1481 1056 si
1523 1006 1766 1059 alterum
1810 1006 1970 1059 ami-

148 1078 391 1152 sissent,
440 1082 582 1155 quin
644 1096 789 1153 pene
850 1082 1314 1152 circumvallati,
1365 1094 1537 1155 atque
1579 1084 1736 1139 omni
1790 1086 1979 1156 exitu,-

147 1171 205 1217 σε
269 1160 641 1231 pabulatione
702 1161 999 1217 interclusi
1070 1163 1404 1217 viderentur
1433 1200 1452 1231 ,
1499 1160 1572 1215 ad
1633 1162 1784 1217 hunc
1837 1180 1976 1219 mu·-

149 1239 419 1295 niendum
488 1243 683 1296 locum
760 1256 957 1299 omnes
1026 1257 1061 1296 a
1146 1240 1626 1315 Vercingetorige
1683 1256 1971 1299 evocatos.

146 1316 269 1375 Hac
336 1336 401 1397 re
474 1321 757 1393 cognita,
816 1318 1006 1379 eaesar
1074 1320 1264 1375 mittit
1331 1324 1651 1391 complures
1711 1322 1968 1397 equitum
2005 1343 2087 1406 43

128 1398 359 1455 ’turmas
417 1414 491 1455 eo
551 1404 627 1455 de
674 1400 862 1453 media
922 1412 1106 1455 nocte.
1166 1398 1246 1455 Iis
1308 1398 1604 1471 imperat,
1656 1414 1718 1455 ut
1781 1406 1974 1473 paullo

149 1479 559 1537 tumultuosius
606 1480 867 1537 omnibus
928 1480 989 1534 in
1046 1478 1190 1534 locis
1255 1492 1717 1553 pervagarentur.
1782 1478 1978 1537 Prima

144 1558 269 1615 luce
328 1575 605 1633 magnum
671 1576 961 1615 numerum
1024 1558 1565 1631 impedimentorum
1623 1575 1694 1613 ex
1747 1562 1979 1633 castrisj

147 1642 541 1713 mulorumque
588 1638 865 1711 produci,
906 1640 969 1683 43
1030 1654 1201 1711 atque
1259 1638 1334 1693 iis
1361 1651 1679 1693 stramenta
1723 1639 1979 1711 detrahi,

144 1719 537 1792 mulionesque
570 1734 699 1773 cum
748 1716 1059 1773 cassidibus
1088 1757 1105 1787 ‚
1152 1717 1407 1795 equitum
1457 1719 1692 1789 specie,
1752 1736 1820 1773 ac
1879 1720 1974 1775 si·-

147 1799 507 1869 mulatione,
552 1798 789 1854 collibus
840 1796 1193 1853 circumvehi
1237 1794 1412 1870 jubet.
1452 1797 1563 1851 His
1611 1814 1818 1871 paucos
1859 1800 1975 1855 ad-

149 1874 239 1931 dit
280 1879 553 1951 equites,
592 1878 691 1952 qui
731 1876 901 1931 latius
939 1877 1344 1933 ostentationis
1393 1892 1561 1931 causa
1605 1892 1970 1951 vagarentur.

150 1951 347 2030 Longo
396 1958 645 2015 circuitu
694 1957 921 2013 easdem
972 1972 1167 2011 omnes
1224 1954 1381 2029 jubet
1446 1968 1645 2030 petere
1691 1959 1974 2032 regiones.

150 2032 475 2109 Haeyprocul
532 2053 603 2093 ex
672 2036 884 2109 oppido
947 2036 1326 2108 videbantur,
1369 2049 1439 2089 ut
1479 2050 1607 2091 erat
1657 2052 1690 2091 a
1735 2034 1976 2112 Gergo-

148 2114 245 2169 via
274 2116 577 2190 despectus
620 2116 681 2171 in
710 2128 901 2172 castra
921 2154 941 2184 ,
972 2131 1153 2187 neque
1184 2126 1346 2171 tanto
1389 2116 1580 2186 spatio
1599 2154 1620 2187 ,
1658 2119 1804 2171 certi
1836 2118 1975 2189 quid

148 2207 298 2249 esset
328 2234 348 2267 ,
404 2196 701 2268 ‚explorari
764 2206 1006 2269 poterat.
1042 2195 1350 2267 Legionem
1383 2211 1550 2249 unam
1593 2196 1791 2250 eodem
1839 2196 1976 2270 jugo

149 2274 339 2331 mittit
382 2315 401 2347 ‚
449 2290 519 2331 et
570 2278 791 2347 paulum
849 2290 1203 2347 progressam
1256 2272 1530 2327 inferiore
1571 2276 1696 2329 loco
1745 2276 1978 2330 consti-

145 2353 257 2407 tuit
283 2393 302 2425 ,
344 2356 621 2429 silvisque
660 2359 933 2411 occultat.
974 2354 1234 2426 Augetur
1276 2348 1462 2408 Gallis
1509 2354 1761 2425 suspicio
1798 2393 1819 2426 ,
1867 2367 1975 2409 at-

149 2446 497 2502 que-omnes
546 2437 648 2490 illo
690 2435 1068 2489 munitionum
1101 2432 1304 2504 copiae·
1335 2432 1978 2489 transducuntun-Vaa·

146 2526 253 2565 cua
303 2530 495 2569 castra
547 2514 795 2569 hostium
840 2511 1031 2569 Caesar
1080 2512 1484 2583 conspicatus,
1525 2516 1586 2555 44
1619 2514 1791 2569 tectis
1831 2514 1976 2569 insi-

152 2590 353 2662 gnibus
400 2610 629 2651 suorum
656 2632 677 2665 ,
724 2593 1137 2665 occultatisque
1186 2592 1367 2663 signis
1397 2590 1744 2647 militaribus
1766 2632 1785 2663 ‚
1815 2610 1975 2649 raros

150 2670 406 2746 milites,
450 2692 521 2731 ne
544 2689 627 2742 fex
656 2674 875 2745 oppido
920 2670 1558 2741 animadverterentur,
1601 2688 1671 2727 ex
1726 2670 1977 2747 majori-

154 2746 253 2805 bus
292 2754 499 2809 castris
548 2754 608 2808 in
640 2753 862 2809 minora
908 2750 1261 2819 transducit,
1310 2751 1659 2825 legatisque,
1686 2767 1826 2826 quos
1855 2752 1978 2805 sin-

154 2830 301 2906 gulis
348 2833 667 2908 legionibus
716 2830 1047 2906 praefecerat
1068 2868 1088 2901 ,
1128 2829 1265 2903 quid
1295 2827 1424 2885 fieri
1453 2832 1625 2885 vellet
1647 2870 1668 2901 ‚
1698 2830 1976 2888 ostendit:

148 2949 164 2955 -
278 2920 281 2923 ·
1907 2928 1926 2966 (

160 3020 401 3075 43Αιφιε
432 3019 495 3063 iis
518 3010 834 3068 uramenta.)
854 3018 911 3061 lu
930 3018 1035 3061 vet.
1098 3026 1161 3059 ear
1199 3026 1300 3071 quo.
1343 3014 1628 3059 Stramenta
1671 3018 1844 3059 autem
1892 3010 1980 3061 hle

163 3076 267 3123 end.
314 3095 449 3139 neque
489 3084 593 3128 iis:
634 3080 771 3140 quod
817 3075 1038 3137 Scaliger
1101 3074 1339 3133 clitellae‚
1385 3074 1714 3122 straminibus
1763 3074 1978 3125 effartae.

167 3142 453 3191 emendavit
480 3159 603 3203 aque
626 3145 687 3203 ἐπ’,ι
712 3174 727 3201 ,
759 3149 815 3188 ut
846 3140 899 3187 in
926 3142 1043 3199 ple·
1102 3141 1298 3201 Gpdm'n.
1550 3173 1556 3182 ,

170 3198 335 3260 risque
359 3217 483 3253 nunc
518 3205 669 3253 editis
698 3211 805 3251 est:
830 3205 1042 3262 eit-gan·-
1152 3216 1223 3261 44
1264 3203 1422 3248 Tectis
1455 3202 1715 3259 insignibus
1752 3204 1982 3255 suorum.)

172 3260 275 3309 tius
300 3276 432 3326 atque
464 3274 523 3317 D.
546 3268 749 3317 Vossius
768 3264 1047 3315 substituit:
1109 3264 1240 3311 Vide
1263 3276 1413 3325 supra
1433 3264 1470 3312 1.
1504 3275 1716 3325 nccap.
1749 3274 1829 3314 ιι.
1861 3276 1982 3315 sect.

172 3325 297 3387 9²¹1&
320 3331 563 3384 detrahere
584 3335 655 3383 cur·
674 3330 921 3388 dicimus,
948 3339 1053 3375 non
1114 3338 1206 3407 ²¹⁶.
1251 3378 1258 3383 ,
