2459 3834
4 175 27 1523 tfvz-sswnh-vffsssst'iffl‘ss'ffssx‘»siz

1029 130 1034 134 ·
1401 111 1415 134 ⁸
1666 103 1695 123 '²
1934 101 2083 184 579

361 201 517 371 s'c.
565 201 570 204 ’
624 259 1092 376 JULII
1209 259 1939 400 CAESARIS·

507 679 512 686 .
593 526 1735 661 FRAGMENTA.

245 793 422 880 Ex
515 737 959 878 '121135315
1057 705 2145 888 Ems‘roLARUM

703 1010 820 1068 AD
863 1012 950 1069 M.
993 1011 1065 1067 T.
1109 1009 1614 1070 CICERONEM.

511 1210 669 1278 Caes.
715 1207 949 1298 Imper.
999 1207 1064 1273 S.
1104 1207 1202 1274 D.
1246 1207 1535 1281 Ciceroni
1570 1208 1810 1303 Imper.

326 1377 584 1539 Quum
633 1467 913 1527 Furnium
971 1481 1229 1528 nostrum
1286 1481 1519 1528 tantum·
1571 1471 1845 1530 vidissem
1878 1514 1898 1546 ,
1966 1491 2080 1530 ne-

244 1565 354 1622 que
387 1553 586 1623 loqui,
638 1569 816 1625 neque
865 1551 1068 1606 audire
1099 1569 1189 1607 me
1221 1553 1525 1608 commode
1578 1555 1900 1626 potuisset:
1952 1571 2084 1610 cum

240 1629 610 1700 properarem
633 1671 652 1703 ,
683 1645 855 1706 atque
884 1647 1066 1687 essem
1099 1633 1156 1686 in
1191 1633 1445 1704 itinere,
1488 1634 1793 1706 praemissis
1827 1633 1943 1707 jam
1983 1637 2079 1688 le-

243 1709 516 1782 gionibus
529 1750 549 1782 ,
582 1713 876 1784 praeterire
901 1727 1094 1766 tamen
1115 1729 1239 1767 non
1273 1713 1434 1784 potui
1456 1751 1475 1783 ‚
1506 1715 1643 1786 quin
1675 1725 1735 1768 et
1767 1713 2085 1770 scriberem

243 1789 315 1842 ad
354 1803 450 1859 te,
480 1803 540 1844 et
582 1792 742 1846 illum
775 1791 1070 1873 mitterem
1094 1829 1114 1861 ,
1143 1793 1476 1866 gratiasque
1506 1809 1771 1864 agerem:
1808 1794 1917 1848 etsi
1973 1795 2084 1849 hoc

243 1867 496 1923 officium
527 1883 587 1926 et
619 1870 731 1926 feci
761 1887 948 1944 saepe,
979 1884 1040 1925 et
1061 1871 1263 1943 saepius
1290 1872 1438 1926 mihi
1460 1869 1713 1926 facturus
1737 1874 1969 1928 videor.
1998 1875 2085 1928 ita

244 1947 318 2000 de
347 1965 441 2002 me
473 1951 748 2007 mereris:
783 1953 842 2004 in
879 1951 1082 2022 primis
1110 1967 1142 2004 a
1176 1963 1237 2006 te
1290 1964 1465 2024 peto,
1510 1953 1777 2026 quoniam
1829 1950 2081 2025 confide,

177 2097 188 2106 .
241 2042 336 2082 me
357 2031 635 2084 ‘celeriter
667 2031 738 2086 ad
773 2030 986 2086 Urbem
1017 2043 1367 2102 venturum,
1398 2045 1465 2087 ut
1494 2045 1549 2086 te
1581 2032 1663 2086 ibi
1704 2031 1934 2088 videam
1958 2071 1976 2104 ‚
2019 2046 2085 2088 ut

245 2117 345 2169 tuo
375 2111 654 2182 consili0‚
684 2111 918 2184 gratia,
941 2110 1283 2184 dignitate,
1313 2128 1423 2184 ope
1451 2113 1709 2167 omnium
1753 2130 1943 2166 rerum
1994 2113 2085 2170 uti

241 2190 507 2259 possim,
535 2192 610 2244 ad
637 2190 994 2260 propositum
1017 2203 1319 2244 revertar:
1354 2189 1920 2262 festinationimeae,
1948 2191 2088 2245 bre-

242 2268 528 2340 vitatique
557 2269 858 2324 literarum
892 2269 1192 2341 ignosces,
1240 2269 1457 2342 reliqua
1500 2286 1571 2322 ex
1604 2268 1821 2328 Furnio
1871 2287 2089 2346 cogno-

239 2359 386 2400 sces.
425 2345 595 2425 Vale.
625 2347 738 2404 Ex
766 2346 888 2406 Cic.
913 2347 955 2404 l.
987 2367 1046 2422 9.
1079 2357 1257 2420 epm.
1292 2348 1371 2402 ad
1400 2345 1610 2404 Attic.
1652 2349 1829 2422 epist.
1868 2365 1923 2423 ς.

511 2503 763 2573 Caesar
793 2507 1009 2582 Imper.
1039 2505 1309 2567 Ciceroni
1348 2508 1563 2583 Imper.
1585 2505 1658 2568 S.
1682 2509 1765 2566 D.

300 2643 553 2724 Recte
588 2669 899 2748 augur-aris
946 2669 1021 2725 de
1069 2686 1163 2726 me
1212 2667 1395 2736 (bene
1443 2671 1600 2726 enim
1658 2659 1773 2726 tibi·
1820 2671 2089 2745 cognitus

243 2753 404 2817 sum)
435 2749 588 2814 nihil
627 2766 660 2803 a
713 2767 804 2806 me
841 2749 1041 2806 abesse
1081 2749 1307 2824 longius
1338 2749 1683 2806 crudelitate
1704 2762 1931 2824 ‚atque
1980 2769 2090 2827 ego

153 2867 158 2872 -
246 2845 378 2884 cum
407 2845 476 2884 ex
519 2829 648 2901 ipsa
687 2847 750 2886 re
789 2845 1055 2904 magnam
1085 2829 1255 2906 capio
1285 2831 1688 2902 voluptatem,
1736 2843 1857 2884 tum
1900 2849 2091 2886 meum

247 2907 473 2974 factum
539 2909 774 2982 probari
833 2911 934 2966 abs
989 2922 1090 2981 te,
1154 2909 1495 2982 triumpho,
1543 2919 1605 2964 et
1654 2909 1911 2983 gaudeo:
1976 2929 2091 2966 ne-

245 3005 357 3061 que
399 2987 542 3054 illud
591 3005 685 3047 me
737 3001 975 3061 movet,
1017 2991 1169 3063 quod⁴
1200 2990 1292 3062 ii,
1333 2990 1431 3063 qui
1462 3005 1495 3044 a
1528 3007 1621 3044 me
1665 2989 1890 3044 dimissi
1934 2986 2091 3064 siint,

246 3068 579 3124 discessisse
621 3069 934 3140 dicuntur,
972 3080 1033 3124 ut
1086 3070 1235 3126 mihi
1287 3086 1479 3126 rursus
1528 3069 1742 3124 bellum
1780 3067 2085 3128 inferrent:

248 3146 400 3200 nihil
443 3149 598 3203 enim
649 3152 1042 3223 ma10,quam
1093 3164 1154 3205 et
1204 3165 1299 3204 me
1338 3149 1454 3204 mei
1505 3150 1755 3204 similem
1807 3164 1972 3220 esse,
2024 3161 2089 3204 et
2154 3224 2161 3231 ἱ

237 3223 380 3282 illos
428 3229 532 3283 sui.
581 3226 675 3284 Tu
727 3229 904 3286 velim
953 3229 1102 3284 mihi
1156 3231 1230 3286 ad
1266 3229 1487 3296 urbem
1510 3242 1715 3302 praesto
1742 3227 1835 3285 sis
1876 3240 1938 3282 ut
1972 3229 2085 3283 tuis

244 3303 544 3380 consiliis,
581 3323 758 3384 atque
805 3309 1047 3388 opibus,
1089 3322 1159 3370 ut
1210 3327 1526 3446 ωηευονὸ,
1577 3309 1637 3364 in
1687 3306 1949 3374 omnibns
1978 3323 2086 3364 req

1502 3405 1537 3447 o
1570 3405 1605 3448 α

1690 3457 1763 3474 --ᾈ
