2459 3834
825 86 976 140 un.
1019 86 1112 136 A.
1167 82 1440 137 mum.
1856 76 2005 161 507

123 167 475 238 confecto,
505 165 738 223 circiter
767 167 974 240 vigilia
1003 166 1247 223 secunda
1279 163 1498 235 noctis,
1528 159 1751 219 nimbus
1782 163 1841 206 ⁷²
1876 172 2007 225 cum

135 264 345 303 saxea
378 248 654 321 grandine
683 246 872 303 subito
901 261 986 302 est
1017 259 1249 303 exortus
1281 246 1499 318 ingens.
1551 242 1645 299 Ad
1677 243 1785 299 hoc
1815 257 2005 301 autem

136 328 597 383 incommodum
649 341 1006 396 accesserat,
1054 326 1202 398 quod
1254 322 1441 380 Caesat
1476 339 1587 379 non
1641 324 1701 378 in
1756 340 1855 379 ore
1896 341 2003 377 su·-

145 408 463 478 periorum
496 400 912 477 Imperitorum
936 445 956 477 ,
995 406 1054 460 in
1087 404 1339 460 hibernis
1380 404 1693 459 exercitum
1726 404 2001 459 contine-

141 486 259 540 bat
286 506 312 557 3
368 488 488 543 sed‘
519 487 581 540 in
634 485 853 556 tertio,
899 499 1212 557 quartoque
1251 484 1347 538 die
1402 484 1799 555 procedendo,
1855 485 1999 556 ρέο-

144 566 408 637 piusque
453 565 675 621 hostem
717 564 1040 632 accedendo
1062 599 1080 634 ,
1118 578 1311 619 castra
1340 565 1757 619 communiebat
1780 604 1800 635 ,
1844 580 1999 635 ope-

139 661 339 718 reque
371 645 668 712 faciendo,
699 645 916 699 milites
945 660 1006 701 sc
1035 644 1528 715 circumspiciendi
1566 660 1675 701 non
1709 644 1995 701 habebant

133 723 517 779 facilitatem.
552 723 832 779 Praeterea
872 724 955 779 ita
984 741 1052 779 ex
1083 721 1303 795 Sycilia
1334 726 1647 779 exercitum
1681 736 1995 797 transpor-

139 815 434 873 tavent,
486 816 549 859 ut
601 816 802 874 praeter
853 804 1037 875 ipsum
1096 804 1385 872 militem,
1442 814 1501 859 et
1556 820 1757 874 arma,
1810 821 1991 878 neque

137 898 254 936 vas
286 923 309 954 ,
363 900 543 957 neque
592 883 981 953 mancipium,
1031 898 1210 956 neque
1266 885 1432 937 ullam
1488 899 1651 953 rem,
1702 900 1819 957 quae
1862 886 1992 941 usui

141 961 340 1017 militi
391 979 513 1019 esse
561 962 900 1033 consuevit,
950 962 1011 1017 in
1063 978 1235 1017 naves
1288 963 1506 1034 imponi
1560 974 1868 1035 pateretur.
1922 964 1990 1021 ln

140 1040 422 1097 Africam
452 1056 640 1098 autem
685 1058 794 1097 non
842 1042 1010 1098 modo
1039 1043 1152 1099 sibi
1193 1042 1497 1115 quidquam
1544 1058 1655 1099 nou
1702 1044 1988 1115 acquisie-

142 1130 330 1192 rant,
382 1134 480 1178 aut
524 1134 906 1195 paraverant,
957 1122 1054 1177 sed
1097 1122 1277 1179 etiam
1322 1136 1556 1194 propter
1598 1140 1831 1178 nnnonae
1875 1140 1987 1178 ca-

139 1199 432 1273 ritatem,
481 1197 847 1272 ante'parata
895 1214 1378 1278 consumpserant.
1430 1198 1649 1275 Quibus
1682 1203 1844 1259 rebus
1874 1217 1981 1259 at-

146 1281 434 1353 tenuati,
478 1281 690 1352 oppido
751 1298 1018 1355 perquam
1073 1282 1236 1355 pauci
1295 1280 1395 1335 sub
1467 1282 1681 1353 pelibus
1738 1284 1977 1357 acquie-

139 1359 404 1415 scebant.
449 1359 678 1432 Reliqui
720 1377 789 1417 ex
842 1362 1200 1416 vestimentis
1248 1358 1573 1416 tentoriolis
1622 1360 1835 1432 factis,
1885 1376 1978 1419 at-

141 1454 258 1508 que
301 1438 667 1495 arundinibus
688 1480 706 1509 ,
747 1440 1032 1514 coriisque
1062 1438 1351 1497 contextis
1386 1442 1807 1516 permanebant.
1842 1440 1978 1499 Ita-

135 1532 252 1588 que
281 1518 471 1573 subito
502 1518 684 1575 imbre
713 1559 733 1590 ,
763 1522 1149 1593 graeciaeque
1177 1535 1485 1575 consecuta
1506 1561 1525 1592 ‚
1556 1524 1781 1597 gravati
1818 1541 1977 1595 pon-

136 1596 328 1669 dere,
385 1599 672 1669 tenebris,
730 1615 984 1671 aquaque
1034 1616 1230 1657 omnes
1282 1599 1541 1669 subruti,
1611 1600 1971 1677 disjectique,

139 1687 311 1731 nocte
365 1676 749 1750 intempesta,
800 1678 1023 1751 ignibus
1071 1679 1386 1748 extinctis,
1438 1682 1709 1749 rebusque
1762 1683 1831 1737 ad
1878 1684 1973 1737 vi-

134 1764 293 1811 ctum
346 1756 764 1828 pertinentibus
792 1758 1053 1814 omnibus
1094 1758 1381 1825 corruptis
1404 1798 1421 1827 ,
1473 1776 1571 1832 per
1602 1775 1789 1832 castra
1826 1778 1967 1831 pas-

131 1835 246 1887 sim
300 1836 688 1908 vagabantur,
740 1837 1024 1910 scutisque
1055 1840 1249 1910 capita
1288 1843 1685 1913 contegebant.
1740 1841 1961 1900 Eadem

133 1926 305 1969 nocte
336 1932 389 1971 v.
431 1916 674 1991 legionis
709 1915 952 1987 pilorum
983 1920 1279 1975 cacumina
1308 1936 1409 1976 sua.
1446 1935 1659 1996 sponte.
1680 1936 1960 1979 arserunt.

205 2135 267 2197 85
327 2144 437 2187 Cum
458 2155 610 2189 saxea
631 2146 913 2197 grandine.)
941 2151 1017 2196 0-
1080 2148 1137 2193 do
1167 2154 1397 2202 vocatur,
1418 2145 1554 2203 euius
1582 2146 1860 2195 crassitudo
1888 2148 1957 2195 si-

139 2198 230 2245 lim
268 2201 390 2248 editi
439 2220 538 2249 cum
597 2221 838 2253 saxorum.
897 2211 1014 2257 Post
1080 2208 1430 2256 militudinem
1480 2222 1719 2273 saxorum
1764 2212 1954 2257 attulit.

139 2268 304 2308 autem
331 2273 451 2313 sect.
471 2266 518 2313 6.
540 2266 843 2327 simpliciter
869 2285 1013 2330 eran·

762 2401 1140 2469 CAPUT
1221 2408 1357 2469 XX.

143 2560 273 2617 Rex
313 2560 475 2635 Juba
499 2558 890 2647 cum'magnir
917 2569 1100 2645 copiis
1123 2574 1201 2627 ad
1240 2572 1571 2648 Scipionem
1610 2571 1947 2650 proficisci-

139 2650 246 2695 tur.
277 2640 478 2716 Sciplo
508 2663 662 2715 snas,
692 2660 751 2703 et
782 2650 954 2727 regis
978 2652 1173 2723 copias·
1201 2668 1403 2711 contra
1436 2654 1718 2715 caesarem
1752 2659 1945 2713 iturus

141 2719 386 2776 instruit.
450 2720 648 2780 Caesav·
687 2745 816 2783 suos
856 2744 962 2798 per
1005 2732 1156 2807 juga
1202 2752 1411 2811 smyrna
1455 2739 1663 2791 ducere
1711 2737 1940 2808 ἐπι-τρέε.

140 2798 414 2867 Labienus
461 2804 710 2859 insidias
748 2804 967 2863 Caesan·
1005 2823 1113 2883 per
1155 2815 1443 2886 quamdam
1477 2816 1689 2869 vallem
1737 2826 1942 2872 trans-

303 2882 454 2937 ituro
502 2880 735 2957 infelici
784 2900 998 2943 eventu
1055 2894 1256 2946 struit.
1312 2892 1602 2963 Ejusdem
1658 2894 1781 2951 La-

803 2965 983 3023 ·biem‘
1032 2966 1214 3049 fuga.

159 3195 171 3208 ⁰
209 3048 374 3174 R.ex
406 3120 638 3177 interim
683 3123 720 3193 J
727 3123 831 3179 uba
863 3126 935 3179 de
965 3129 1214 3199 equestri
1260 3131 1451 3205 praeiio
1482 3130 1767 3207 Scipionis
1796 3154 1930 3192 cer·
1973 3129 2049 3205 48
2160 3144 2169 3171 ‘

133 3206 233 3250 tior·
279 3195 492 3256 factus:
556 3219 931 3278 evocatusque
985 3210 1056 3261 ab
1116 3211 1316 3265 eodem
1370 3214 1555 3271 literis
1586 3255 1606 3286 ,
1666 3217 1936 3291 praefecto

78 3349 83 3356 Π
134 3272 322 3332 Sabura
391 3296 518 3336 cum
580 3298 744 3356 parte
801 3287 1088 3344 exercitus
1146 3304 1352 3349 contra
1435 3292 1646 3352 Sitium
1703 3298 1936 3374 relict05
