2459 3834
422 64 583 162 460
829 92 931 145 ms
980 92 1225 156 Βειιο
1281 88 1844 146 Aznxmnnmo

419 170 694 244 purnium
750 170 1079 231 Salvianum
1100 216 1123 246 ,
1167 175 1270 247 qni
1313 172 1620 247 profitetur
1649 170 1972 243 indicium,
1999 168 2304 247 conjura-

422 264 731 327 tor-umque
782 270 1079 311 numerum
1130 267 1354 329 auget,
1399 270 1578 325 vere,
1626 267 1692 309 ut
1757 252 1991 327 qnidam
2048 254 2308 309 existi-

412 346 629 405 mant,
672 346 739 388 nt
786 338 1047 389 nonnulli
1080 346 1438 407 queruntur,
1475 345 1729 390 coactus.
1763 332 1976 387 lisdem
2021 333 2302 389 crucia—

421 411 579 469 tibus
640 412 879 471 affectus
928 415 996 470 L.
1048 414 1354 491 Mergilio.
1409 414 1656 487 Squillus
1721 414 1980 469 nominat
2043 416 2310 486 plures,

422 508 565 565 quos
594 490 827 549 Cassius
875 494 1129 551 interfici
1173 496 1354 571 jubet,
1379 496 1636 567 exceptis
1681 494 1796 563 iis,
1837 493 1936 567 qui
1974 509 2034 547 se
2073 508 2298 565 pecu-

420 572 523 625 nia
556 573 940 630 redemerunt.
998 576 1155 631 Nam
1191 578 1382 649 palam
1411 576 1509 630 ’.Η
1549 572 1608 629 S.
1651 591 1707 629 Χ.
1760 589 1892 627 cum
1939 570 2294 645 Calpurnio

420 652 783 726 paciscitur,
800 668 891 709 et
930 672 1061 711 cum
1101 655 1181 729 Q.
1228 652 1452 711 Sextio
1475 653 1934 729 quinquaginta:
1979 653 2082 725 qui
2139 653 2282 709 etsi

420 732 675 789 maxime
716 748 991 791 nocentes
1019 751 1151 793 sunt
1191 736 1459 793 mulctati
1481 776 1502 807 ‚
1540 747 1734 790 tamen
1761 734 2076 805 periculum
2105 734 2282 805 vitae,

421 812 701 886 dolorque
729 819 1027 872 vulnerum
1056 818 1296 890 pecunia
1316 816 1626 889 remissus,
1667 814 2088 871 crudelitatem
2126 829 2274 872 cum

422 894 678 950 avaritia
706 910 960 953 certasse
986 896 1377 973 significabat.
1405 954 1416 961 ⁶
1630 941 1652 965 ‚

1059 1054 1381 1117 CAPUT
1430 1056 1622 1115 xvi.
1669 1092 1676 1097 ·

421 1210 665 1275 Cassius
687 1236 723 1275 a
744 1215 977 1276 Caesare
998 1220 1214 1277 certior
1247 1216 1458 1293 factus
1478 1218 1551 1275 de
1567 1213 1732 1295 fuga
1751 1216 2054 1291 Pompeii,
2073 1216 2272 1291 impe·-

457 1307 627 1353 ναῖοι
666 1300 949 1372 pecunias
977 1301 1224 1378 exigit,
1273 1298 1558 1355 delectum
1591 1298 1803 1370 hahet,
1830 1310 2002 1375 atque
2029 1299 2226 1372 inspe-

817 1390 1018 1439 cturus
1040 1384 1279 1438 classem
1299 1380 1362 1435 in
1381 1377 1689 1453 Hispalim
1709 1380 1860 1436 adit.

305 1528 383 1605 56
502 1474 809 1613 Aliquot
840 1548 971 1615 po'st
1018 1540 1220 1597 diebus
1267 1540 1470 1596 literas
1499 1556 1534 1597 a
1562 1536 1788 1595 Caesare
1837 1540 2041 1603 missas
2083 1536 2266 1597 acci—

414 1618 547 1712 pit:
588 1620 793 1692 quibus
822 1624 1122 1695 cognoscit
1144 1619 1486 1713 ,Pompeiani
1511 1621 1572 1675 in
1605 1622 1734 1675 acie
1763 1618 2026 1688 victum,
2065 1619 2264 1674 amis-

414 1698 499 1755 'sis'
530 1701 747 1772 copiis,
766 1700 995 1775 fugisse.
1038 1700 1169 1774 Qua
1222 1717 1286 1755 re
1319 1701 1597 1775 cognita,
1627 1702 1864 1757 mistam
1913 1698 2102 1756 dolori
2155 1715 2266 1755 vo·-

351 1832 362 1835 -
415 1770 704 1850 luptatem
755 1782 1041 1855 capiebat.
1100 1781 1384 1836 Victoriae
1433 1781 1672 1839 nuntius
1721 1780 1988 1835 laetitiam
2047 1778 2263 1850 expri-

419 1859 653 1915 mebat:
684 1860 1011 1915 confectum
1062 1851 1279 1914 bellnm
1319 1861 1618 1915 licentiam
1667 1858 2112 1916 intercludebat.
2155 1856 2259 1915 Sic

417 1949 549 1991 erat
574 1938 777 1996 dubius
804 1940 1026 2011 animi,
1052 1952 1246 1995 utrum
1287 1941 1434 1995 nihil
1478 1941 1726 2011 timere,
1761 1955 1836 1995 an
1867 1940 2063 1995 omnia
2095 1937 2254 1993 lice-

418 2032 485 2070 re
526 2022 743 2074 mallet.
787 2018 1017 2076 Sanatis
1063 2020 1389 2075 vulneribus
1433 2021 1674 2075 arcessit
1713 2036 1951 2091 omnes,
1991 2018 2090 2093 qui
2141 2017 2260 2076 sibi

418 2100 691 2168 pecunias
737 2116 1011 2171 expensas
1055 2102 1346 2155 tulerant:
1389 2106 1772 2171 acceptasque
1811 2116 1907 2153 eas
1947 2097 2105 2171 jubet
2150 2115 2258 2155 re-.-

419 2176 581 2233 ferri.
624 2178 847 2253 Quibus
878 2196 1076 2254 parum
1122 2179 1426 2234 videbatur
1467 2180 1803 2251 imposuisse
1841 2180 2078 2250 oneris,
2119 2194 2256 2235 am-

422 2258 668 2329 pliorem
731 2262 1030 2355 pecuniam
1080 2261 1370 2333 imperat:
1410 2276 1580 2332 aequa
1623 2272 1818 2315 autem
1869 2260 2100 2315 ratione
2141 2260 2254 2314 de-

421 2339 635 2393 lectum
672 2341 973 2413 instituit3
1022 2358 1164 2414 qnos
1204 2357 1276 2395 ex
1327 2340 1590 2400 omnibus
1627 2340 2052 2413 conventibus,
2087 2341 2252 2396 colo-

423 2419 651 2492 niisque
702 2424 1117 2493 conset-imm,
1181 2420 1568 2475 transmarina
1627 2420 1844 2475 militia
1897 2421 2254 2493 perterritos,

427 2492 486 2541 ⁶9
538 2498 610 2551 ad
660 2502 1006 2555 sacramenti
1038 2500 1496 2571 redemptionem
1531 2500 1795 2556 vocabat.
1833 2499 2116 2575 Magnum
2147 2499 2252 2555 hoc

424 2574 539 2631 fuit
582 2579 883 2654 vectiga13
934 2578 1112 2655 majus
1160 2594 1356 2638 tamen
1397 2581 1642 2637 creabat
1687 2580 1904 2636 odium.
1944 2582 2056 2638 His
2095 2580 2254 2637 rebus

424 2656 748 2731 confectis,
793 2674 977 2715 totum
1016 2661 1334 2717 exercitum
1379 2662 1607 2715 lustrat.
1659 2659 1991 2735 Legiones,
2015 2676 2156 2734 quas
2193 2660 2253 2717 in

426 2736 691 2795 Africam
728 2741 999 2795 ducturus
1042 2752 1209 2813 erat,
1251 2754 1312 2796 et
1343 2741 1558 2796 auxilia
1597 2742 1660 2783 ⁷0
1713 2741 1904 2797 mittit
1963 2741 2039 2795 ad
2099 2739 2250 2793 Tra-

423 2817 678 2891 jectum:
733 2821 859 2895 ipse
898 2824 1191 2895 classem‘,
1261 2836 1432 2895 quam
1485 2820 1765 2895 parabat,
1803 2833 1867 2877 ut
1917 2818 2248 2893 inspiceret,

496 2996 564 3052 69
629 2998 707 3045 Aa
726 2999 1320 3056 sacramentiredemptio-
1381 2994 1670 3054 trajiciendi
1708 3004 1872 3047 erant.
1897 2995 2164 3045 Ciacconio
2179 3000 2253 3046 est

432 3075 535 3107 nem
550 3066 775 3109 vacabat.
779 3065 877 3115 >Ut
896 3075 946 3109 se
964 3062 1083 3109 data
1102 3062 1318 3121 pecunia
1382 3058 1574 3107 fretum
1586 3063 1926 3127 Herculeum,
1943 3060 2064 3121 quia
2083 3074 2251 3110 moxe-

432 3122 984 3184 liberarentaniilitia,
1002 3128 1240 3205 adquam
1254 3126 1320 3173 le·
1387 3135 1468 3181 17.
1493 3134 1615 3171 sect.
1639 3118 1736 3183 ,ς7’.
1741 3127 1804 3171 ad
1825 3138 1894 3175 11.
1919 3128 2142 3184 legionem
2159 3142 2254 3175 σου·

432 3185 505 3235 cti
526 3185 746 3237 fuerant.
1378 3190 1616 3245 tendisse,
1635 3203 1736 3246 quae
1755 3190 1820 3235 ad
1841 3191 2036 3241 fretum
2059 3193 2152 3237 alio
2179 3192 2255 3237 iti·
2345 3216 2354 3223 ·

466 3260 534 3305 7ο
566 3252 745 3298 Mittit
776 3254 838 3299 ad
866 3253 1155 3311 Trajectum.
1170 3250 1190 3298 )
1216 3256 1318 3297 Lo-
1379 3264 1490 3297 nere
1517 3252 1792 3297 ducebatue.
1831 3254 1966 3311 Ergo
1991 3259 2045 3299 et
2071 3252 2254 3312 priores

432 3322 567 3373 curn,
589 3324 677 3363 seu
694 3323 931 3374 portum,
949 3316 1083 3365 unde
1104 3315 1319 3365 navibus
1381 3313 1450 3361 ad
1478 3312 1672 3388 fretun)
1699 3312 1842 3363 missi
1871 3312 2096 3363 fuerant.
