2459 3834
386 12 562 179 438
807 102 905 155 m:
958 102 1198 171 Βιιιιιο
1236 98 1787 160 ALnxANnmNo

387 185 530 239 saris
558 180 770 253 fidem,
798 183 1231 255 amicitiamque
1264 183 1488 240 venturi
1520 194 1747 252 essent,
1789 174 1996 235 nullius
2035 174 2220 251 peri-

388 263 502 317 culi
563 264 830 333 timorem
881 262 1238 325 multitudini
1298 260 1424 329 fore
1465 220 1876 335 impedimento
1906 297 1925 329 ,
1966 258 2216 331 quomi-

272 326 352 397 ‘0¹⁶4
394 359 493 413 nus
524 360 585 407 se
625 325 917 397 dederent.
936 380 978 411 „
1016 338 1256 411 Caesar,
1280 340 1396 405 etsi
1438 341 1699 411 fallacem
1743 352 2015 413 gentem,
2043 352 2218 393 sem-

390 438 597 495 perque
628 424 742 477 alia
764 422 1154 496 cogitantem,
1194 421 1309 475 alia
1351 418 1764 510 simulantem,
1804 418 1949 473 bene
1983 417 2211 491 cogni-

390 512 510 568 tam
558 500 845 571 habebat,
892 514 1081 569 tamen
1114 500 1438 571 petentibus
1465 502 1602 558 dare
1622 478 1870 571 veniam
1903 498 2040 554 utile
2079 512 2211 552 esse

391 581 637 634 statuit·
620 619 641 651 ‚
672 574 840 653 quod
852 580 899 634 si
938 596 1047 653 quo
1095 592 1265 651 pacto
1295 579 1578 641 sentirent
1612 596 1731 650 ea,
1776 595 1896 652 quae
1933 578 2204 650 postula·

390 670 562 729 rent,
592 676 911 731 mansurum
954 660 1011 725 in
1057 657 1169 714 fide
1215 646 1516 753 dimissum
1559 676 1748 735 regem
1777 656 2080 725 credebat.
2113 656 2210 713 siu

392 736 454 790 id
496 739 643 809 quod
678 739 857 812 magis
901 738 1127 815 illorum
1160 754 1372 809 naturae
1389 722 1839 809 'conveniebat,
1887 737 2089 799 ducem
2132 736 2212 793 ad

388 814 600 885 bellum
657 818 964 891 gerendum
1021 835 1211 892 regem
1255 819 1467 879 habere
1509 822 1720 884 vellent
1761 858 1781 889 ,
1827 816 2210 897 splendidiuS,

390 908 563 966 atque
596 896 885 955 honestius
925 914 1046 952 sese
1086 912 1291 961 contra
1321 916 1513 972 regem
1534 936 1556 982 ,
1582 915 1750 971 quam
1802 910 2005 951 contra
2051 912 2208 964 con-

388 992 699 1047 venarum,
729 994 797 1031 ac
845 977 1215 1050 fugitivorum
1279 995 1545 1049 manum,
1597 978 1804 1034 bellum
1851 992 1972 1031 esse
1999 989 2211 1049 gestu-

390 1071 533 1124 rum.
576 1056 775 1141 Itaque
836 1070 1025 1139 regem
1068 1059 1425 1130 cohortatus,
1478 1060 1607 1115 “ut
1664 1057 1985 1113 consuleret
2029 1071 2211 1127 regno

394 1130 671 1207 paterno,
716 1150 973 1209 parceret
1020 1138 1458 1211 praeclarissimae
1510 1136 1753 1215 patriae,
1809 1152 1930 1209 quae
1980 1134 2209 1207 turpis-

391 1216 553 1269 simis
595 1217 913 1286 incendiis,
956 1229 1015 1271 et
1047 1218 1227 1285 ruinis
1276 1231 1424 1272 esset
1483 1216 1846 1295 deformata,
1881 1230 2040 1286 cives
2081 1230 2212 1283 suos

392 1295 641 1365 primum
694 1297 765 1350 ad
804 1297 1109 1359 sanitatem
1153 1309 1494 1371 revocaret,
1551 1297 1758 1351 deinde
1809 1305 2211 1366 conservaret,

391 1371 565 1429 fidem
633 1377 838 1447 populo
888 1374 1189 1447 Romane,
1231 1376 1453 1448 sibique
1510 1377 1856 1449 praestaret:
1907 1391 2034 1429 cum
2084 1374 2210 1446 ipse

392 1464 619 1511 tantum
669 1456 724 1509 ei
773 1456 1074 1525 crederet,
1116 1458 1181 1510 ιιι
1224 1457 1297 1521 ad
1339 1458 1532 1529 hostes
1571 1468 1822 1521 armatos
1878 1470 2005 1522 eum
2055 1455 2214 1524 mit-

392 1544 639 1603 teret3„
678 1534 941 1591 dextram
992 1549 1227 1606 tenenS,
1275 1536 1575 1590 dimittere
1623 1535 1799 1607 coepit
1849 1534 2039 1599 adulta
2090 1534 2212 1607 jam

393 1624 564 1668 aetate
609 1633 856 1686 puerum.
899 1614 984 1669 At
1032 1615 1220 1687 regius
1267 1618 1490 1671 animus
1535 1615 1858 1687 disciplinis
1897 1612 2208 1668 fallacissi-

395 1695 505 1747 mis
545 1694 841 1767 eruditus,
898 1711 970 1748 ne
1016 1711 1049 1748 a
1109 1696 1300 1775 gentis
1341 1712 1450 1750 suae
1509 1694 1760 1759 moribus
1809 1692 2204 1787 degeneraret,

392 1771 535 1828 fiens
564 1790 729 1829 orare
759 1787 963 1829 contra
992 1768 1275 1828 Caes'arem
1308 1774 1485 1849 coepit
1505 1812 1526 1845 ‚
1574 1774 1614 1808 “
1637 1791 1706 1827 ne
1755 1790 1816 1828 se
1855 1771 2202 1843 dimitteret,

394 1868 507 1907 non
547 1853 701 1923 enim
733 1870 965 1925 reguum
1006 1854 1189 1925 ipsum
1218 1853 1326 1921 sibi
1361 1864 1666 1925 conspectu
1692 1850 1933 1917 Caesaris
1961 1868 2083 1907 esse
2107 1849 2208 1925 ju·-

393 1916 700 2002 cundius2„
752 1930 1109 2005 Compressis
1142 1933 1303 2005 pueri
1351 1930 2208 2005 lacrymiS,Caesar1psecom-·

392 2022 580 2079 motus
606 2011 915 2080 celeriter,
944 2013 993 2065 si
1038 2014 1137 2067 illa
1168 2012 1454 2085 sentiret,
1495 2010 1656 2075 fore
1647 2029 1774 2066 eum
1815 2026 2006 2073 secum
2037 2009 2210 2065 affir-

392 2104 593 2161 mans,
621 2090 692 2144 ad
724 2107 854 2147 suos
885 2091 1123 2147 dimisit.
1175 2091 1319 2161 Ille,
1361 2104 1421 2149 ut
1475 2108 1544 2147 ex
1582 2092 1904 2169 careerlbus
1951 2090 2010 2145 in
2051 2090 2208 2145 libe-

388 2184 518 2224 rum
571 2128 795 2225 cursum
858 2172 1091 2237 emissus
1118 2209 1138 2241 ,
1188 2172 1332 2226 adeo
1399 2184 1600 2239 contra
1647 2158 1930 2226 Caesarem
1997 2171 2211 2226 acriter

388 2246 596 2304 bellum
644 2265 845 2324 gerere
873 2252 1092 2322 coepit,
1132 2260 1195 2305 ut
1240 2254 1524 2324 lacrymas
1553 2289 1575 2322 ,
1622 2266 1761 2324 quas
1812 2249 1872 2311 in
1922 2250 2210 2327 colloquio

390 2329 747 2401 projecerat,
776 2328 986 2401 gaudio
1034 2329 1328 2387 videretur
1377 2329 1710 2423 profudisse.
1756 2327 2054 2395 Accidisse
2100 2320 2212 2386 hoc

388 2410 705 2482 complures
754 2407 998 2469 Caesaris
1054 2409 1273 2481 legati,
1314 2410 1529 2481 amici,
1576 2408 1944 2465 centuriones
1976 2447 1996 2478 ,
2042 2408 2215 2463 mili-

388 2494 586 2560 tesque
640 2487 1028 2542 laetabantur·
1012 2526 1033 2559 ,
1090 2489 1240 2561 quod
1293 2489 1471 2544 nimia
1515 2489 1742 2544 bonitas
1799 2486 1918 2560 eJus
1969 2487 2215 2545 fallaciis

388 2566 549 2641 pueri
582 2567 737 2631 elusa
788 2580 976 2622 esset.
1020 2568 1182 2640 quasi
1228 2584 1370 2636 vero
1418 2568 1476 2624 id
1519 2566 1708 2623 Caesar
1755 2566 2014 2637 bonitate
2063 2580 2204 2623 tan-

390 2644 511 2701 tum
568 2636 885 2717 adductus,
927 2662 995 2703 ac
1036 2664 1147 2703 non
1193 2644 1636 2719 prudentissimo
1676 2632 1917 2702 consilio
1947 2685 1966 2717 ,
2017 2644 2205 2703 fecis-

270 2714 495 2793 zs'iset.
538 2720 685 2798 Cum
728 2728 788 2770 34
827 2726 968 2781 duce
1020 2742 1312 2799 assumpto
1342 2726 1718 2783 Alexandrini
1769 2726 1955 2781 nihilo
1993 2742 2056 2781 se
2101 2724 2202 2783 fir-

318 2808 324 2813 ”
384 2804 595 2860 miores
633 2790 859 2877 factos,
904 2816 1003 2861 aut
1045 2806 1432 2881 languidiores
1473 2796 1765 2863 Romanos
1822 2806 2199 2862 animadver-

385 2896 617 2951 terent,
666 2886 1133 2958 eludentibusque
1163 2886 1444 2946 militibus
1494 2887 1647 2960 regis
1703 2896 1982 2956 aetatem,
2028 2898 2200 2959 atque

381 2962 782 3019 infirmitatem
815 3004 834 3033 ,
878 2982 1144 3039 magnum
1192 2966 1450 3030 dolorem
1481 2966 1810 3036 acciperent
1840 3003 1860 3036 ,
1911 2981 2091 3037 neque
2137 2980 2200 3020 se

381 3042 690 3125 quidquam
751 3042 1029 3119 proficere
1087 3045 1403 3120 viderent3
1439 3035 1817 3121 'rumoresque
1868 3044 2202 3117 existerent,

378 3242 704 3355 “{grenzpuce
734 3246 998 3297 assumpto.
1020 3237 1043 3297 λ
1092 3240 1231 3304 Rege
1279 3244 1484 3306 recepto
1511 3270 1527 3300 ,
1563 3234 1703 3305 cuius
1733 3234 1974 3299 auspiciis
2011 3232 2202 3301 bellurn
