2459 3834
940 111 988 164 L
1019 113 1050 162 1
1071 109 1212 160 -RE
1245 108 1301 160 R
1400 110 1456 160 1.
2014 119 2111 194 19

261 200 330 247 et
349 189 660 266 colligatis,
673 205 802 248 cum
821 188 1038 245 ferrum
1057 207 1117 244 se
1137 187 1451 244 inflexisset
1462 229 1483 262 ‚
1505 205 1684 265 neque
1706 194 1988 269 evellere,
2008 189 2111 254 ιιι-,ζ

267 288 376 346 que
395 310 416 342 ‚
445 271 684 327 sinistra
727 271 1033 343 impedita,
1059 271 1201 348 satis
1222 271 1521 326 commode
1545 288 1792 345 pugnare
1817 287 2109 352 poterant,

271 349 448 406 multi
464 363 530 406 ut
550 391 570 424 ,
591 351 690 406 diu
717 349 934 424 jactato
962 348 1202 406 brachio
1223 388 1245 420 ,
1276 362 1660 422 praeoptarent
1682 364 1903 408 scutum
1932 373 2107 414 manu

174 443 182 449 ·
268 433 544 486 emittere
575 470 596 502 ‚
633 443 694 486 et
726 431 876 486 nudo
905 445 1145 504 corpore
1179 445 1447 503 pugnare.
1476 427 1733 488 Tandem
1776 435 2105 492 vulneribus

265 511 522 583 defessi,
552 523 614 566 et
637 511 838 583 pedem
852 509 1096 580 referre,
1113 521 1206 580 et,
1236 509 1386 582 quod
1417 525 1578 572 mons
1607 509 1838 567 suberat.
1865 515 2107 572 circiter

267 591 435 647 mille
459 607 742 662 passuum,
762 607 833 646 eo
863 607 922 648 se
948 589 1204 662 recipere
1236 600 1550 660 coeperunt.
1582 585 1771 661 Capto
1795 605 2013 666 monte,
2035 607 2103 652 et

269 669 704 726 succedentibus
731 668 963 740 nostriS‚
984 667 1135 739 Boii,
1154 681 1214 722 et
1244 665 1502 742 Tulingi,
1524 669 1621 742 qui
1654 669 1949 732 hominum
1972 674 2107 731 mil·

277 749 428 814 libus
455 749 692 812 circiter
721 767 811 804 xv.
843 765 1048 822 agmen
1075 747 1325 804 hostium
1346 749 1681 805 claudebant
1706 787 1727 821 ,
1755 763 1815 806 et
1845 753 2108 811 novissi-

200 825 205 829 ’
278 830 391 884 mis
414 829 676 902 praesidio
697 841 884 900 erant,
897 845 966 882 ex
985 827 1198 884 itincre
1219 840 1443 884 nostros
1462 829 1645 884 latere
1663 842 1867 904 aperto
1884 847 2108 907 aggres-

273 911 360 980 si,
389 909 842 978 circumvenire,
865 922 921 962 et
957 907 1017 962 id
1050 907 1367 980 conspicati
1390 907 1654 964 Helvetii
1677 947 1696 979 ,
1725 911 1823 982 qui
1855 910 1915 966 in
1936 929 2107 969 mon·

274 999 398 1042 tem
428 1003 551 1044 sese
581 999 949 1059 receperant,
973 1003 1160 1042 rursus
1184 987 1436 1058 instare,
1459 999 1519 1042 et
1550 989 1801 1060 pralium
1833 989 2107 1048 redinte-

272 1070 786 1144 grarecoeperunt.
809 1068 1055 1122 Romani
1080 1082 1353 1128 conversa
1376 1067 1537 1140 signa
1563 1069 1621 1109 ⁵0
1642 1067 1925 1141 bipartito
1948 1071 2107 1146 intu-

271 1149 496 1205 lerunt:
528 1147 740 1220 prima,
760 1163 828 1202 ac
847 1147 1090 1202 secunda
1119 1147 1295 1218 acies»,
1318 1157 1379 1200 ut
1402 1147 1595 1218 victis,
1614 1163 1681 1202 ac
1702 1147 1979 1206 submotis
2002 1167 2110 1206 re·—

268 1227 540 1302 sisteret3
575 1228 782 1298 tertia,
811 1240 874 1282 ut
910 1227 1206 1286 venientes
1248 1221 1592 1296 sustinerem
1652 1228 1781 1300 ita,
1806 1230 2107 1302 anticipiti

272 1308 478 1381 praelio
493 1345 512 1377 ,
532 1307 628 1362 diu
645 1346 664 1378 ‚
683 1319 855 1380 atque
874 1304 1088 1362 acriter
1111 1316 1549 1380 pugnatum‘est.
1596 1303 1833 1364 Diutius
1853 1325 1981 1364 cum
2003 1325 2103 1368 no·
2148 1303 2231 1365 26

276 1400 534 1445 ‚strorum
563 1374 842 1460 'impetum
872 1385 1153 1444 sustinere
1176 1401 1289 1438 non
1324 1385 1752 1456 possent,alteri
1782 1403 1865 1459 se,
1887 1401 1948 1442 ut
1979 1389 2111 1444 (ιω-ἐ
2224 1389 2233 1402 ’

277 1480 509 1540 perant,
528 1465 590 1520 in
622 1477 877 1522 montem
902 1478 1264 1538 receperunt,
1292 1465 1472 1520 alteri
1497 1463 1569 1518 ad
1599 1465 2034 1539 impedimenta,
2052 1479 2119 1524 et

277 1563 474 1602 carros
504 1562 634 1602 suos
659 1561 720 1600 se
749 1547 1112 1602 contulerunt
1137 1560 1152 1600 ε
1186 1560 1319 1598 nam
1342 1541 1455 1600 hoc
1487 1555 1612 1600 toto
1644 1546 1864 1618 praelio,
1883 1562 2011 1602 cum
2042 1545 2119 1602 ab

194 1677 200 1685 ‚
275 1627 430 1682 hora
447 1625 694 1699 septima
722 1625 793 1680 ad
829 1631 1121 1699 vesperam
1155 1636 1466 1698 pugnatum
1486 1621 1586 1694 sit,
1605 1639 1865 1682 aversum
1888 1625 2121 1682 hostem

271 1705 478 1764 videre
501 1721 668 1762 nemo
694 1705 911 1777 potuit:
944 1705 1015 1762 ad
1043 1707 1283 1759 multam
1314 1716 1541 1759 noctem
1560 1704 1739 1758 etiam
1766 1705 1837 1760 ad
1869 1705 2121 1778 impedi-

269 1797 472 1844 menta
493 1797 802 1859 pugnaturn
821 1796 938 1841 est:
965 1795 1269 1856 propterea
1288 1781 1438 1856 quod
1463 1797 1565 1855 pro
1589 1785 1741 1839 vallo
1764 1801 1958 1841 carros
1973 1783 2119 1858 obje-

259 1869 500 1936 cerant,
519 1877 636 1920 ete
663 1867 792 1920 loco
813 1865 1107 1936 superiore
1137 1864 1198 1918 in
1227 1874 1453 1918 nostros
1478 1862 1773 1920 vementes
1804 1865 1916 1919 tela
1938 1863 2122 1939 conji-

279 1945 536 2016 ciebant,
553 1954 614 2000 et
633 1946 893 2000 nonnulli
921 1944 1074 1998 inter
1105 1958 1331 2013 carros,
1360 1955 1626 2015 rotasque
1658 1945 1712 1986 ⁵¹
1743 1955 1991 2000 mataras
2011 1983 2032 2016 ,
2050 1959 2122 1999 ae

275 2017 540 2099 'tragulas
556 2021 955 2098 subjiciebant,
973 2035 1309 2096 nostrosque
1332 2021 1723 2080 vulnerabant.
1738 2021 1856 2080 Diu
1876 2039 2007 2080 cum
2030 2039 2124 2078 es-

281 2116 373 2160 set
407 2116 740 2178 pugnatum,
760 2101 1533 2174 impedimentis‚castrisque
1562 2103 1753 2158 nostri
1773 2103 1947 2176 potiti
1970 2113 2121 2158 sunt.

268 2182 376 2239 ,lbi
401 2181 766 2257 Orgetorigis
787 2180 928 2253 filia,
949 2193 1120 2255 atque
1153 2197 1294 2238 unus
1322 2199 1357 2236 e
1386 2179 1527 2236 filiis
1564 2193 1767 2255 eaptus
1796 2193 1901 2238 est.
1942 2181 2032 2237 Ex
2050 2196 2124 2237 co

281 2263 485 2338 praelio
507 2262 746 2326 circiter
766 2263 950 2317 millia
963 2259 1259 2324 hominurn
1278 2277 1442 2316 cxxx.
1476 2259 1871 2334 superfuerunt
1894 2279 1917 2333 3
1944 2277 2127 2334 eaque

285 2354 417 2399 tota
435 2355 610 2400 nocte
631 2341 994 2410 continenter
1014 2340 1225 2398 ierunt:
1240 2342 1451 2396 nullam
1466 2351 1687 2414 partem
1710 2339 1894 2396 noctis
1915 2339 2128 2395 itinere

285 2422 646 2492 intermisso,
668 2420 728 2475 in
750 2417 889 2476 fines
915 2419 1241 2494 Lingonum
1262 2418 1356 2474 die
1368 2437 1451 2474 iv.
1478 2433 1885 2493 pervenerunt:
1909 2435 2037 2474 cum
2066 2429 2129 2475 et

291 2513 530 2574 propter
545 2503 781 2554 vulnera
799 2500 1147 2572 milituQet
1169 2511 1405 2572 propter
1416 2502 1765 2572 sepulturam
1786 2500 2127 2572 occisorum,
2147 2499 2153 2506 “
2202 2515 2209 2524 ·

293 2579 482 2638 nostri
513 2579 766 2636 triduum
794 2579 1041 2652 morati,
1069 2595 1170 2636 eos
1199 2578 1360 2654 sequi
1403 2595 1514 2636 non
1547 2579 1888 2653 potuissent.

357 2755 432 2808 50
493 2749 754 2806 lipartito.
775 2745 796 2800 )
819 2743 1043 2810 Quidam
1093 2745 1178 2796 le·
1242 2745 1417 2794 strabo
1430 2745 1521 2794 lib.
1547 2760 1622 2795 xv.
1646 2758 1699 2808 p.
1732 2741 1850 2806 136.
1871 2743 1935 2792 de
1962 2743 2131 2794 Gallo·

288 2817 422 2872 gunt
447 2812 719 2868 tripartito.
761 2809 856 2856 Sed
899 2809 1058 2860 etiam
1090 2809 1181 2856 iu·
1244 2822 1362 2858 rum
1420 2808 1576 2859 armis
1618 2809 1763 2868 μέρις
1804 2805 2023 2856 παλτοῠ
2066 2811 2130 2856 τι

294 2881 501 2934 terpres
525 2869 662 2932 δἰχῆ.
1247 2869 1396 2931 εἶδος,
1414 2885 1602 2932 prave:
1620 2873 1791 2932 paullo
1818 2870 1997 2918 melius
2016 2871 2131 2932 Epi-

364 2945 430 2995 ει
499 2939 740 2992 Maturus·
762 2967 778 2992 ‚
811 2947 866 2981 ao
895 2934 1200 2996 ταφαῖσι..)
1248 2937 1389 2984 tome
1408 2934 1627 2994 μάκαρις
1651 2969 1666 2991 ,
1690 2933 1861 2986 ‚scribe
1881 2935 2132 2992 μάταρις.

296 3001 504 3048 Matara
523 3032 538 3058 ‚
568 3005 621 3045 et
649 2997 902 3044 Mataris:
932 2996 1060 3049 item
1082 2999 1188 3044 Ma·
1251 3003 1510 3056 Tragulam
1534 3005 1706 3045 autem
1736 2999 1895 3044 Varro
1936 3003 2012 3044 rv-
2042 3008 2131 3056 24.

296 3067 441 3120 tera,
460 3068 514 3108 et
540 3059 752 3114 Materis
770 3093 784 3118 ,
814 3061 975 3108 telum
1015 3059 1184 3108 Galli·
1248 3061 1313 3110 de
1334 3065 1427 3108 LL.
1458 3057 1487 3108 'a
1523 3063 1797 3122 trajiciendo
1839 3058 2013 3108 duxit:
2042 3063 2134 3106 Fe-

298 3136 440 3172 cum.
461 3122 656 3174 Nonius
677 3135 744 3172 ex
765 3119 998 3176 Sisenna:
1023 3125 1186 3170 Gallia
1250 3133 1355 3172 stus
1378 3120 1407 3171 ὲ
1427 3126 1672 3181 trahendo,
1687 3123 1822 3187 quod
1846 3122 2001 3170 infixa
2018 3125 2130 3170 scu-

296 3189 566 3236 ‚materibus
610 3188 830 3244 configit.
875 3171 1048 3236 mvsus
1092 3173 1184 3232 lib.
1250 3194 1308 3246 to
1359 3185 1531 3234 trahat
1563 3220 1579 3246 ‚
1630 3179 1792 3250 'quisi‘
1822 3183 1981 3236 fflcrit
2040 3184 2137 3234 ha·

302 3260 416 3297 vn.
441 3259 528 3309 24.
571 3247 624 3295 in
642 3247 839 3296 Gallico
867 3245 997 3296 bello
1023 3263 1036 3296 :
1065 3251 1187 3296 lavo
1251 3257 1415 3298 mata.

306 3310 496 3366 humero
521 3314 696 3368 meteri
707 3324 860 3374 propo
879 3314 1103 3372 trajecto.
1124 3313 1188 3364 Et
1213 3309 1243 3378 J
1390 3373 1439 3432 B
