2459 3834
523 113 673 214 398
972 197 981 210 ‚
1128 137 1229 190 nn
1277 137 1523 190 nanto
1573 131 1810 190 ctvrm
2430 183 2431 198 Ν

519 215 1063 294 vulneribus-egri,
1111 217 1437 290 depositis,
1487 233 1590 292 per
1639 217 2134 296 Epiruffl,·atque
2163 217 2358 278 Acar-
2430 245 2431 288 4

520 301 753 354 naniam
786 300 901 354 iter
932 300 1124 354 facere
1167 299 1364 372 coepit.
1417 297 1722 376 Pompejus
1771 317 1990 376 quoque
2048 303 2126 356 de
2167 300 2357 358 Caesa-

419 375 481 436 ἰ,’
517 377 599 432 ris
630 381 873 436 c'onsilio
924 381 1249 453 conjectura
1297 377 1595 452 judicans,
1641 380 1712 434 ad
1765 377 2091 453 Scipionem
2153 399 2358 454 prope-
2430 423 2431 452 r

517 459 755 514 randum
807 459 916 514 sibi
969 459 1460 531 existimabat33i
1515 458 1709 515 Caesar
1765 459 1882 516 iter
1927 460 2030 518 illo
2091 456 2358 534 haberet,
2430 497 2431 506 2

516 550 581 594 ut
606 537 919 596 subsidium
953 537 1214 612 Scipioni
1241 539 1418 594 ferret
1441 579 1462 610 ,
1505 539 1557 595 si
1587 540 1658 595 ab
1691 555 1792 596 ora
1839 539 2136 595 maritima
2155 581 2175 612 ,
2205 539 2357 600 Cot-

516 634 769 694 cyraque
822 615 1123 675 discedere
1172 621 1392 690 nollet,
1441 621 1591 692 quod
1645 620 1939 694 legiones,
1985 621 2356 694 equitatum-

519 713 629 772 que
656 715 726 754 ex
750 699 923 754 Italia
953 713 1357 774 exspectaret,
1382 701 1509 772 ipse
1555 711 1615 755 ut
1667 700 1930 756 omnibus
1977 701 2166 774 copiis
2216 700 2360 759 Do..

394 796 473 861 79
517 777 745 834 mitium
777 778 1206 854 aggrederetur.
1253 781 1333 836 lis
1382 781 1454 834 de
1501 779 1689 836 causis
1749 793 1990 854 uterque
2015 781 2218 836 eorutix
2251 801 2356 838 ce-

516 857 742 914 leritati
794 861 1101 933 studebat,
1152 873 1215 916 ut
1247 860 1362 916 suis
1389 871 1539 915 esset
1569 859 1844 932 auxilio,
1871 873 1970 932 et,
2013 863 2085 916 ad
2141 864 2358 936 oppri-

517 941 751 996 mendos
783 943 1149 998 adversarios
1172 982 1191 1014 ,
1222 957 1292 996 ue
1317 941 1604 996 occasioni
1633 941 1910 1014 temporis
1951 941 2200 998 deesset.
2247 943 2358 1000 Sed

515 1017 801 1076 Caesarem
852 1021 1165 1094 Apollonia
1212 1021 1437 1076 directo
1489 1021 1701 1076 itinere
1751 1035 2064 1077 averterat.
2093 1021 2360 1097 Pompe-—

510 1096 599 1176 jus
630 1095 693 1138 ⁸0
724 1119 823 1174 per
872 1099 1231 1158 Candaviam
1280 1103 1394 1154 iter
1444 1101 1504 1155 in
1559 1101 1963 1158 Macedoniam
2015 1105 2357 1176 expeditum

514 1179 785 1238 habebat.
828 1183 1094 1239 Accessit
1134 1182 1313 1238 etiam
1355 1181 1672 1254 improviso
1713 1182 1867 1238 aliud
1899 1183 2356 1258 incommodum,

510 1261 662 1334 quod
719 1261 1059 1336 Domitius,
1112 1263 1207 1342 qui
1257 1261 1382 1317 dies
1439 1263 1761 1334 complures
1813 1263 2018 1318 castris
2057 1261 2356 1336 Scipionis

510 1353 702 1398 castra
753 1346 964 1399 collata
1011 1343 1342 1412 habuisset,
1381 1342 1466 1396 rei
1499 1342 1886 1398 frumentariae
1935 1358 2106 1398 causa
2153 1345 2226 1398 ab
2276 1364 2346 1402 eo

509 1420 893 1495 discesserat,
945 1436 1005 1479 et
1056 1419 1111 1460 ⁸¹
1158 1423 1498 1478 Heracleam
1541 1419 1874 1496 Senticam,
1915 1425 2038 1496 ‘quae
2069 1436 2160 1480 est
2207 1425 2356 1481 sub-

506 1497 660 1574 jecta
690 1501 1001 1560 Condaviae
1023 1544 1042 1576 ,
1082 1502 1197 1558 iter
1224 1501 1484 1558 fecerat:
1525 1514 1588 1558 ut
1619 1503 1744 1576 ipsa
1771 1501 2001 1559 fortuna
2033 1503 2196 1558 illum
2239 1507 2354 1561 ob·-

504 1578 685 1654 jicere
748 1581 1016 1658 Pompejo
1080 1583 1396 1638 videretur.
1449 1581 1586 1638 Haec
1645 1583 1715 1638 ad
1762 1581 1821 1637 id
1875 1583 2348 1655 teinpus-‚Caesar

508 1661 835 1736 ignorabat.
870 1661 1051 1719 Simul
1094 1681 1127 1718 a
1172 1658 1444 1736 Pompejo
1477 1661 1663 1718 literis
1707 1680 1808 1735 per
1848 1679 2038 1719 omnes
2086 1667 2352 1734 provin-

506 1741 670 1813 cias,
698 1743 1079 1818 civitatesque
1130 1741 1386 1798 dimissis
1427 1741 1505 1798 de
1557 1737 1751 1816 p‘raelio
1793 1743 1865 1798 ad
1905 1741 2355 1815 Dyrrhachium

508 1821 663 1878 facto
688 1823 899 1878 elatius
925 1863 943 1892 ‚
974 1823 1342 1898 inflatiusque
1375 1827 1554 1878 multo
1573 1865 1592 1895 ,
1637 1839 1806 1897 quarn
1858 1839 1946 1878 res
1983 1833 2107 1876 erat
2155 1837 2355 1898 gesta,

506 1898 659 1956 fama
714 1903 1155 1976 percrebuerat,
1218 1905 1500 1977 „pulsum
1558 1901 1780 1979 fugere,
1825 1899 2107 1958 Caesarem
2135 1941 2156 1975 ,
2199 1921 2354 1976 pene

506 1980 771 2037 omnibus
821 1983 1006 2055 copiis
1055 1985 1351 2042 amissis.“
1406 1983 1544 2038 Haec
1596 1983 1810 2038 itinera
1859 1982 2077 2038 infecta
2141 1985 2359 2040 reddi-

505 2060 751 2118 derant:
786 2063 902 2118 haec
933 2063 1209 2130 civitates
1240 2066 1534 2140 nonnullas
1576 2064 1647 2118 ab
1689 2062 1806 2138 ejus
1855 2063 2122 2138 amicitia
2177 2079 2358 2132 aver-

506 2152 719 2196 terant.
752 2141 976 2216 Quibus
1013 2141 1240 2200 -accidit
1284 2143 1489 2215 rebuS,
1539 2155 1602 2198 ut
1651 2141 1904 2216 pluribus
1953 2143 2186 2215 dimissi
2235 2145 2360 2200 iti·-

505 2223 739 2280 neribus
793 2241 828 2279 a
878 2223 1105 2280 Caesare
1153 2225 1226 2280 ad
1267 2223 1637 2294 Domitium,
1691 2235 1751 2278 et
1808 2221 1880 2277 ab
1933 2221 2210 2280 Domitio
2280 2224 2359 2281 ad.

505 2299 789 2361 Caesarem
810 2344 831 2379 ,
862 2307 1013 2362 nulla
1043 2305 1278 2363 ratione
1311 2305 1430 2360 iter
1457 2301 1741 2360 conficere
1786 2309 2038 2376 possent.
2067 2301 2185 2361 Sed
2227 2305 2359 2362 Al-

536 2463 605 2512 00
640 2464 737 2512 Per
760 2467 1055 2514 Candaviam
1084 2469 1181 2515 iter
1206 2467 1255 2513 r'n
1271 2471 1385 2514 Ma-

503 2529 783 2581 cedoniam.)
808 2532 1075 2580 Candavia
1096 2529 1392 2578 Strab.·v11.

503 2603 555 2652 p.
586 2603 707 2652 223.
736 2605 813 2656 est
838 2597 865 2641 ὅ
898 2601 978 2654 ρο»
1000 2590 1294 2651 tuomum,
1315 2591 1396 2652 ju-

502 2668 625 2716 gum
644 2657 898 2708 montium
917 2670 977 2704 ex
996 2657 1265 2717 lllyricoiu
1284 2661 1396 2704 Ma·-

422 2741 431 2749 ·
503 2720 776 2772 cedoniam
800 2731 1127 2784 procur-rem,
1151 2730 1240 2779 pet
1257 2719 1394 2781 quod

503 2785 591 2835 via
619 2783 836 2844 Egnacia
862 2781 1140 2830 ferebatur.
1170 2783 1272 2830 Cic.
1301 2795 1396 2832 111.

505 2848 667 2898 Attic.
694 2860 776 2906 ep.
804 2859 908 2894 vn.
934 2849 1215 2894 accedemus
1243 2849 1291 2891 in
1320 2851 1398 2893 Ε-

504 2917 801 2974 pirum,·aut
832 2914 972 2958 tarde
992 2923 1080 2968 per
1104 2912 1398 2957 «landaviam

454 2971 463 2980 ’
506 2980 693 3025 ibimus.
714 2973 843 3020 Vide
866 2983 1024 3034 supra·
1041 2985 1084 3020 c.
1104 2986 1157 3034 4.
1176 2979 1300 3020 sect.
1316 2980 1399 3020 11.

509 3037 661 3097 hujus
690 3035 827 3084 iibri.

572 3106 635 3150 δε
704 3101 985 3146 Her-atteram
1014 3097 1300 3151 Senticam.)
1321 3097 1399 3146 Li·

510 3165 627 3213 vius
658 3175 779 3214 xm.
815 3171 897 3222 19.
938 3171 993 3208 et
1023 3161 1154 3209 Ptin.
1192 3171 1270 3208 lv.
1317 3171 1400 3211 ιο.

508 3231 743 3278 §beticam
773 3225 925 3271 tertia
970 3225 1137 3272 vocali
1179 3223 1402 3284 scripse-

510 3299 653 3337 runt.
682 3295 733 3336 et
757 3287 1045 3348 'thucydidi
1081 3287 1195 3334 libr.
1239 3297 1322 3334 11.
1351 3301 1400 3347 p.

515 3351 636 3411 169.
664 3349 829 3401 Σντοι
860 3353 1083 3412 populus
1105 3385 1122 3413 ,
1145 3349 1284 3400 unde
1309 3363 1404 3400 co·-

1456 2471 1676 2527 gnomen
1707 2470 1810 2534 est,
1829 2463 2020 2513 vocati.
2055 2463 2111 2512 iu
2147 2467 2358 2516 Caesare

1457 2541 1487 2576 a
1513 2531 1648 2577 mala
1668 2541 1820 2576 manu
1841 2528 1988 2576 scioli
2007 2527 2230 2586 aiicujus
2243 2529 2358 2578 haec

1457 2605 1561 2640 vox
1586 2592 1794 2640 videtur
1809 2591 2004 2640 addita.
2025 2593 2166 2640 Nam
2194 2595 2358 2639 Hera-

1457 2657 1566 2704 clea
1587 2649 1776 2704 Sintica
1799 2654 2016 2702 nimium
2037 2668 2064 2701 a
2079 2655 2358 2706 Candavia

1461 2726 1656 2768 remota
1677 2755 1692 2778 ,
1720 2715 1965 2780 quantum
1995 2717 2155 2776 spatii
2185 2727 2267 2766 est
2294 2719 2357 2766 ab

1459 2783 1672 2841 Illyrico
1714 2789 1888 2830 monte
1929 2782 1996 2828 ad
2039 2781 2264 2828 Bisaltas
2307 2781 2362 2828 iu

1461 2839 1688 2892 Thraciae
1712 2843 1949 2891 confiuiO.
1966 2844 2186 2904 Propior
2207 2846 2357 2890 Cau-

1461 2908 1632 2956 daviae
1682 2915 1772 2956 aut
1819 2906 2057 2968 contigua
2109 2911 2358 2955 Heraclea

1465 2973 1766 3030 Lyncestidis
1789 2971 2036 3031 regionis,
2061 2981 2231 3031 quam,
2256 2983 2360 3017 non

1465 3033 1642 3080 dubito
1667 3035 1807 3084 Caesa
1818 3046 1923 3079 rem
1945 3033 2038 3079 ‘vel
2065 3033 2359 3092 scripsisse,

1463 3099 1548 3144 vel
1577 3097 1630 3143 in
1659 3095 1833 3143 animo
1855 3093 2106 3144 habuisse.
2128 3097 2240 3144 Nec
2261 3109 2357 3142 va-

1463 3160 1613 3209 cabat
1643 3157 1882 3223 Pompeio
1916 3159 2225 3216 ati-*Sintoffi
2261 3157 2356 3206 Bi-

1465 3225 1645 3280 saltas,
1665 3231 1718 3269 et
1735 3225 2056 3282 Strymonem
2083 3233 2250 3284 usque
2259 3234 2354 3268 ex-

1466 3299 1694 3346 currere,
1715 3285 1801 3333 sed
1823 3284 1942 3330 belli
1967 3285 2198 3336 rationes
2208 3283 2353 3346 inpi-

1465 3348 1740 3400 teri'oribus
1759 3346 2074 3396 detinebant.

1545 3466 1570 3499 s
