2459 3834
555 203 557 205 ,
1876 118 2030 201 :347

340 304 1004 451 C³.JUL11
1086 302 1870 438 CAE-SARIS

530 526 1690 655 COMMENTARIORUM

164 763 515 886 ..DE
632 767 1204 877 BELLO
1374 764 1972 878 CIVILI

486 994 935 1077 LIBER
1052 990 1740 1081 TERTIUS

860 1184 1215 1247 CAPUT
1295 1192 1345 1247 ι

184 1348 412 1427 Caesar,
432 1363 494 1410 et
527 1344 829 1409 Servilius
850 1348 1108 1408 consules
1130 1360 1422 1408 creantur:
1444 1348 1702 1409 Caesaris
1723 1354 1893 1423 jussu
1907 1364 2046 1426 pos·

187 1438 482 1490 sessiones'
506 1435 871 1489 aestimantur
894 1474 913 1505 ,
939 1444 999 1487 ut
1030 1430 1419 1488 ereditorzbus
1449 1430 1722 1503 satisfiat.
1761 1434 1900 1507 Ipse
1943 1436 2050 1488 in·-

188 1525 387 1585 teram,
403 1515 713 1584 nonnullis,
736 1516 829 1593 qui
859 1508 1109 1587 ambitus
1142 1514 1402 1568 damnati
1421 1511 1697 1585 fuerant,
1718 1514 2048 1587 restitutis,

334 1596 730 1651 Brundusium
780 1595 945 1667 petit
965 1633 983 1664 ‚
1044 1610 1145 1669 quo
1200 1605 1262 1649 et
1331 1596 1654 1654 exercitum
1718 1591 1920 1669 profi-

928 1676 1073 1729 cisci
1126 1672 1325 1745 jubet.

281 1763 669 1891 Dictatore
712 1834 961 1890 habente
984 1834 1224 1890 comitia
1247 1820 1471 1891 Caesare
1494 1876 1514 1907 ,
1543 1838 1799 1894 consules
1829 1852 2044 1892 crean-

201 1926 308 1970 tur
351 1912 537 1983 Julius
568 1914 752 1971 Caesar·
776 1956 796 1987 ,
825 1930 887 1971 et
922 1919 943 1950 ¹
992 1913 1057 1969 P.
1092 1912 1387 1973 Servilius.
1433 1918 1488 1973 Is
1521 1920 1674 1973 enim
1707 1931 1832 1972 erat
1867 1921 1894 1953 2
1928 1934 2050 1975 an-

201 2012 352 2063 nuS,
387 2011 497 2070 qno
530 2012 629 2069 per
662 2001 813 2070 leges
856 1996 910 2050 ei
953 1998 1242 2051 consulem
1277 1996 1403 2051 fieri
1425 1991 1432 2005 ¹
1458 1999 1680 2053 liceret.
1741 1999 1850 2055 His
1882 1999 2048 2054 rebus

198 2074 529 2147 confectis,
580 2094 705 2131 cum
741 2074 882 2133 fides
927 2089 1051 2131 tota
1094 2076 1267 2131 Italia
1296 2090 1442 2133 esset
1476 2079 1772 2150 angustior
1796 2118 1817 2151 ‚
1867 2096 2049 2151 neque

202 2157 443 2211 creditae
519 2156 769 2230 pecuniae
832 2161 1190 2213 solverentur
1222 2197 1243 2228 ,
1304 2159 1608 2214 constituit
1652 2198 1672 2229 ,
1722 2173 1783 2213 ut
1835 2158 2050 2213 arbitri

206 2236 541 2292 darentur·:
588 2254 689 2310 per
738 2254 845 2310 eos
886 2236 1091 2293 fierent
1142 2238 1554 2312 aestimationes
1607 2239 2049 2311 possessionum,

210 2329 271 2371 et
312 2334 499 2373 rerum
526 2320 553 2389 ,'
576 2320 775 2391 quenti
818 2336 1049 2393 quaeqne
1090 2334 1285 2372 earum
1347 2332 1482 2373 ante
1545 2319 1756 2373 bellum
1787 2316 2051 2389 fuissent,

206 2410 383 2469 atque
442 2415 519 2452 eae
568 2398 951 2454 creditoribus
1003 2400 1387 2454 traderentur.
1439 2398 1566 2455 Hoc
1616 2412 1674 2452 et
1722 2398 1794 2453 ad
1864 2402 1888 2442 3
1957 2398 2053 2455 ti-

205 2492 427 2532 morem
471 2494 745 2535 novarum
790 2479 1106 2534 tabularum
1156 2479 1510 2551 tollendum,
1553 2478 2052 2553 minuendumque,

207 2558 338 2629 (qui
396 2558 520 2613 fere
588 2558 779 2630 bella,
829 2572 887 2614 et
950 2554 1154 2614 civiles
1222 2560 1606 2615 dissensiones
1664 2554 1824 2633 sequi
1899 2576 2054 2615 con*

209 2638 437 2703 suevit)
488 2651 547 2693 et
592 2639 665 2693 ad
712 2640 1036 2707 debitorum
1083 2640 1348 2695 tuendam
1405 2642 1896 2697 existimationem
1949 2657 2052 2697 es·-

200 2734 270 2774 se
329 2718 697 2791 aptissimum
756 2720 1140 2778 existimavit.
1204 2720 1354 2775 Item
1415 2720 1796 2795 praetoribus,
1849 2718 2050 2776 tribu-

275 2926 303 2961 1
372 2920 431 2962 P.
464 2918 765 2971 servilius.)
795 2916 1005 2965 Isaurici
1025 2916 1099 2963 fi·-

210 2977 309 3025 lius
330 3014 345 3038 ,
373 2980 460 3041 qui
490 2988 542 3026 et
571 2981 678 3039 ipse
718 2982 971 3029 Isauricus
1012 2994 1097 3029 co-

211 3043 539 3102 gnominatus
562 3048 699 3092 Plut.
726 3048 908 3092 inCaes.

278 3117 311 3152 2
374 3114 561 3165 Annus,
577 3122 663 3166 quo
674 3121 763 3165 per
779 3112 911 3165 leges
922 3109 965 3154 εἰ
984 3122 1100 3155 con-

210 3174 363 3215 sulem
380 3173 513 3221 fieri.
536 3173 558 3221 )
595 3175 767 3217 Annus
794 3170 1024 3219 decimus
1068 3184 1099 3220 a

211 3231 387 3291 primo
413 3234 677 3281 consulatu
696 3237 867 3281 Livius
892 3244 1097 3293 v11.42.

280 3309 308 3353 3
380 3300 609 3343 Timorem
644 3314 873 3345 novarum
898 3301 1100 3344 tabula·-

212 3360 370 3415 rum.)
398 3362 473 3407 De
485 3373 585 3409 aete
603 3359 1103 3411 alienodebitoxibua

1163 2916 1461 2966 relaxando,
1485 2920 1695 2976 Semper
1711 2916 1792 2965 hae
1819 2906 1908 2967 fax
1931 2924 2050 2965 tur-

1160 2980 1344 3028 barum
1368 2982 1434 3029 ad
1463 2982 1664 3041 plebem
1695 2981 1745 3027 in
1769 2981 2047 3041 optimates

1162 3044 1560 3102 accendendam,
1585 3052 1642 3093 ut
1669 3044 1844 3093 Livius
1873 3058 2046 3095 xxxn.

1166 3110 1250 3166 38.
1271 3107 1423 3165 dixit,
1448 3106 1806 3170 fueruntzquas
1826 3109 2048 3169 pruden-

1165 3180 1246 3218 ter
1282 3174 1450 3219 Caesar
1475 3174 1789 3231 temperavit
1819 3172 2048 3221 aestima-

1162 3234 1318 3306 tione,
1341 3244 1394 3281 ut
1420 3233 1514 3283 hoc
1538 3237 1669 3297 loc0,
1691 3244 1746 3285 et
1767 3237 1904 3298 apud
1921 3241 2047 3285 Sue-

1162 3306 1365 3348 tomum
1386 3308 1498 3361 cap.
1519 3310 1607 3359 42.
