2459 3834
473 53 636 145 ¹270
1041 57 1156 116 mr
1177 47 1186 56 '
1205 36 1481 120 netz&
1510 11 1751 114 ὸῗδιιι

365 169 440 232 15
487 146 738 202 Auximo
763 140 954 202 Caesar
984 154 1312 218 progressus
1324 186 1346 218 „
1362 140 1599 200 'omnem
1628 141 1829 218 agrum
1851 133 2125 201 Picenum
2166 158 2313 220 ρει·-

483 228 682 282 currit.
707 223 944 282 Cunctae
977 220 1033 267 ³⁶
1063 241 1259 282 earum
1290 224 1591 300 regionum
1626 221 1967 294 praefecturae
1994 223 2313 283 libentissi-

479 307 592 362 mis
613 305 822 362 animis
843 323 968 360 eum
994 303 1279 374 recipiunt
1303 327 1325 378 ς
1354 303 1781 376 exercitumque
1802 302 1919 378 ejus
1937 305 2196 362 omnibus
2225 325 2316 364 re-

479 386 583 443 bus
601 385 818 461 juvant.
845 385 1040 464 Etiam
1064 383 1349 460 Cingulo,
1381 382 1530 458 quod
1553 381 1827 456 oppidum
1848 382 2134 442 Labienus
2170 405 2319 443 con-

397 533 403 545 l
477 468 753 524 stituerat
773 505 793 536 ‚
837 481 1047 538 suaque
1099 465 1345 536 pecunia
1392 459 1777 521 aedificaverat
1802 502 1821 534 ,
1848 465 1923 520 ad
1952 480 2080 521 eum
2126 467 2312 542 legati

479 546 716 604 veniunt
738 584 758 617 ,
787 561 1016 620 quaeque
1037 543 1365 620 imperarit,
1394 559 1515 600 sese
1535 539 1902 616 cupidissime
1924 543 2177 602 facturos
2200 551 2313 620 pol.

480 627 748 682 licentur.
782 623 1009 680 Milites
1031 625 1302 699 imperat3
1346 621 1601 679 mittunt.
1625 622 1854 681 Interea
1878 625 2029 700 legio
2050 645 2151 682 κη.
2184 626 2311 682 Cae-

482 723 667 762 sarem
698 707 1094 780 consequitur-3
1115 720 1243 760 cum
1276 704 1367 760 his
1406 721 1430 780 .¹
1448 721 1496 760 1.
1528 701 1800 759 Asculum
1829 703 2103 761 Picenum
2128 705 2320 780 profi-
2404 701 2428 742 '¹

481 787 743 842 ciscitur.
773 785 840 842 Id
869 785 1148 858 oppidum
1179 784 1452 840 Lentulus
1482 780 1758 856 Spinther
1781 801 1835 840 x.
1870 785 2204 844 cohortibus
2230 801 2319 844 te-

483 867 654 923 nebat
678 884 695 924 :
727 866 821 942 qui
839 906 856 935 ,
877 863 1120 922 Caesaris
1139 866 1390 921 adventu
1417 860 1653 946 cognito
1669 902 1689 935 ‚
1711 853 1961 939 profugit
1983 880 2052 920 ex
2078 869 2323 940 oppido,

483 949 863 1019 cohortesque
893 959 1083 1001 secum
1107 945 1391 1008 abducere
1414 957 1683 1015 conatus,
1712 961 1747 999 a
1776 946 1979 1019 magna
2006 960 2175 1020 parte
2196 949 2325 1003 mi-

483 1029 652 1083 litum
677 1026 978 1083 deseritur.
1003 1025 1264 1082 Relictus
1288 1026 1347 1081 in
1370 1025 1584 1081 itinere
1602 1041 1729 1079 cnm
1762 1025 1993 1097 paucis,
2022 1027 2237 1084 incidit
2262 1031 2325 1086 in

433 1163 438 1168 .
486 1106 808 1164 Vibullium
839 1105 1050 1173 Rufum
1069 1145 1092 1177 ‚
1121 1107 1352 1162 missum
1375 1123 1409 1162 a
1430 1101 1701 1179 Pompejo
1720 1105 1781 1160 in
1802 1121 2001 1179 agrum
2021 1105 2326 1182 Picenum,

487 1185 1006 1244 confirmandorum
1040 1187 1335 1243 hominum
1362 1202 1549 1242 causa.
1589 1184 1637 1240 A
1660 1202 1770 1258 quo
1809 1181 1999 1242 fuctus
2028 1185 2328 1247 Vibullius

490 1271 738 1338 certior,
759 1285 876 1342 quae
900 1284 990 1322 res
1012 1267 1070 1321 in
1094 1266 1662 1356 Picenofflcrentur
1680 1303 1701 1337 ,
1735 1265 1949 1322 milites
1970 1266 2042 1321 ab
2063 1285 2134 1324 eo
2154 1273 2327 1325 acci-

380 1352 455 1415 16
489 1351 584 1426 ‘pit
609 1389 626 1422 ,
659 1350 843 1422 ipsum
884 1347 1156 1402 dimittit.
1205 1343 1354 1402 Item
1397 1343 1762 1415 eirfinitimis
1793 1347 2159 1420 regionibus,
2184 1367 2327 1426 quas

492 1443 705 1506 potest,
728 1428 1024 1500 contrahit
1045 1427 1315 1484 cohortes
1336 1442 1405 1482 ex
1422 1423 1741 1482 delectibus
1756 1421 2139 1501 Pompeianis.
2163 1429 2232 1484 ln
2252 1432 2329 1488 iis

491 1509 806 1568 Camerino
828 1507 1413 1582 fugientem-Ulcilem
1436 1503 1673 1577 Hirum,
1693 1523 1819 1562 cum
1854 1525 1935 1562 vr.
1960 1509 2329 1586 cohortibus,

492 1609 632 1668 quas
655 1591 732 1645 ibi
765 1589 1027 1661 praesidio
1050 1587 1364 1659 habuerat,
1392 1585 1519 1644 cxci
1526 1587 1609 1658 pit
1632 1625 1651 1658 ,
1680 1585 1887 1659 quibus
1908 1590 2165 1660 coactis,
2189 1609 2331 1654 χιιι.
2376 1579 2387 1588 ’

401 1711 408 1720 -
492 1667 856 1729 efficit.Cum
877 1669 948 1723 iis
960 1668 1029 1722 ad
1047 1667 1378 1725 Domitium
1403 1667 1841 1725 Ahenobarbum
1856 1665 2175 1724 Corfinium
2189 1688 2333 1726 ma·-

495 1754 625 1828 gnis
653 1748 953 1807 itineribus
988 1749 1272 1821 pervenit,
1294 1745 1687 1819 Caesaremque
1708 1748 1903 1803 adesse
1925 1765 2056 1804 cum
2078 1750 2332 1823 legioni·

483 1831 600 1888 *bus
631 1847 721 1886 ιι.
751 1831 995 1886 nuntiat.
1021 1827 1317 1885 Domitius
1350 1844 1446 1900 per
1476 1843 1537 1882 se
1568 1827 1803 1882 circiter
1832 1845 1923 1882 xx.
1962 1830 2017 1872 37
2050 1830 2329 1888 cohortes

497 1927 570 1968 ex
604 1909 751 1967 Alba
773 1948 792 1982 ,
821 1921 880 1964 et
913 1907 1128 1980 Marsis
1148 1948 1167 1979 ‚
1194 1922 1256 1962 et
1280 1905 1528 1980 Pelignis
1553 1946 1575 1978 ,
1603 1920 1658 1962 et
1688 1903 1956 1962 finitimis
1976 1907 2048 1962 ab
2072 1911 2334 1984 regioni-

495 1989 600 2047 bus
619 2003 884 2065 caegcrat.
911 1985 965 2031 ³⁸
991 1989 1249 2060 Recepto
1274 1987 1512 2060 Asculo,
1534 1987 1876 2062 expulsoque
1897 1985 2179 2062 Lemnio,
2200 1988 2331 2046 Cae-
2424 1981 2426 2033 ἰ

497 2087 592 2127 sur
621 2067 884 2144 conquiri
906 2068 1121 2123 milites
1142 2107 1160 2137 ‚
1187 2066 1283 2140 qui
1311 2067 1383 2121 ab
1403 2084 1470 2124 eo
1501 2067 1902 2138 discesserant,
1926 2067 2330 2143 delectumque

497 2150 724 2208 institui
754 2147 930 2224 jubet.
959 2147 1088 2217 Ipse
1127 2164 1296 2203 unum
1334 2146 1491 2202 diem
1513 2146 1592 2202 ibi
1620 2147 1699 2204 rei
1740 2145 2123 2210 frumentariae
2157 2167 2333 2206 causa
2424 2209 2426 2212 Α

499 2242 755 2290 moratus
780 2269 799 2301 ‚
829 2223 1149 2284 Corfinium
1181 2228 1500 2284 contendit.
1530 2227 1619 2282 Eo
1649 2243 1775 2281 cum
1808 2225 2090 2297 venisset,
2120 2229 2335 2285 cohor·
2424 2228 2426 2280 ἶ

500 2325 588 2370 tes
619 2331 675 2368 v.
708 2307 1006 2384 praemissae
1034 2325 1068 2363 a
1098 2307 1366 2364 Domitio
1396 2325 1465 2362 ex
1487 2307 1701 2380 oppido
1724 2309 1781 2351 39
1814 2317 2044 2380 pontem
2076 2305 2337 2366 fluminis

499 2389 1032 2466 interrumpebant,
1063 2391 1159 2462 qui
1191 2405 1317 2444 erat
1349 2388 1419 2443 ab
1450 2387 1661 2462 oppido
1693 2386 1874 2442 millia
1914 2403 2177 2460 passuum
2206 2391 2341 2444 cir·-

501 2472 650 2528 citer
681 2489 704 2526 1
724 2489 743 2526 1
763 2489 808 2526 1.
837 2469 923 2524 lbi
951 2485 1078 2524 cum
1100 2467 1559 2526 antecursoribus
1580 2465 1820 2523 Caesaris
1842 2466 2035 2540 praelio
2056 2471 2336 2526 commis-

499 2569 564 2610 so
590 2593 608 2624 ,
647 2551 916 2608 celeriter
961 2549 1285 2618 Domitiani
1318 2565 1352 2603 a
1382 2561 1553 2621 ponte
1597 2548 1845 2620 repulsi,
1872 2563 1933 2602 sc
1963 2547 2023 2601 in
2054 2550 2335 2622 oppidum

500 2645 860 2710 receperunt.
911 2627 1104 2688 Caesar
1150 2629 1469 2711 legionibus
1529 2627 1919 2702 transductis,
1954 2627 2029 2684 ad
2057 2631 2337 2705 oppidum

537 2833 602 2896 36
634 2837 816 2882 Earum
839 2833 1076 2889 regionum
1109 2829 1383 2888 praefectu-
1448 2825 1561 2876 sita.
1581 2829 1787 2874 Veteres
1810 2823 1924 2873 libri
1948 2838 2011 2874 ez
2038 2825 2335 2886 appositum

502 2898 618 2945 rae.)
642 2895 842 2956 Oppida
871 2894 1185 2954 praefecturae
1201 2929 1214 2951 ‚
1237 2906 1266 2940 a
1291 2905 1385 2940 co·
1449 2889 1666 2950 habent,
1687 2889 1821 2952 quod
1850 2885 2109 2950 negligunt
2146 2903 2339 2938 recen-

499 2960 748 3017 loniis,et
771 2958 1060 3016 municipiis
1082 2957 1312 3013 diversa,
1336 2963 1387 3004 et
1451 2963 1541 3002 tes.
1584 2956 1649 3002 At
1688 2953 1825 3001 -illud
1864 2953 2089 3000 solemne
2126 2951 2339 3002 Caesari.

499 3025 700 3072 duriori
721 3022 996 3087 quantula,
1017 3019 1310 3068 conditione
1328 3032 1389 3070 ac
1452 3017 1580 3077 Vide
1630 3029 1781 3078 supra
1824 3016 1961 3066 dicta
2008 3016 2077 3066 ad
2124 3029 2241 3078 cup.
2286 3029 2337 3076 7.
2422 3059 2424 3064 .

502 3087 732 3135 fortuna:
761 3099 873 3148 quae
893 3083 1197 3132 nominatim
1215 3087 1386 3130 Festus
1452 3090 1573 3131 sect.
1596 3094 1670 3130 itt.
2422 3125 2424 3132 ,

503 3149 557 3198 iu
583 3150 682 3199 hac
703 3161 828 3198 voce
857 3150 1076 3208 plurima
1097 3147 1342 3194 recenset.
1484 3147 1548 3204 38
1588 3147 1792 3202 Recepto
1814 3143 2035 3208 meula.)
2055 3141 2169 3190 'ru-ia
2204 3145 2339 3192 MSS.
2422 3144 2424 3152 '

569 3226 635 3272 37
691 3217 916 3261 cobortes
938 3227 1001 3259 ex
1035 3211 1218 3262 Alva.)
1256 3210 1383 3258 Alba
1452 3215 1507 3256 et
1535 3219 1585 3254 v.
1608 3221 1655 3256 c.
1680 3215 1846 3256 venet.
1868 3216 2055 3264 ret-epto
2076 3209 2259 3254 Firmo.
2422 3245 2424 3274 ;

501 3276 734 3336 Fucenti,
753 3277 864 3325 sive
878 3275 944 3325 ad
959 3273 1203 3324 Fucinum
1216 3275 1389 3324 lacum
1512 3277 1578 3332 39
1629 3273 1828 3318 Pontem
1844 3267 2110 3324 atmiis.)
2136 3267 2337 3318 Aterni.
2422 3310 2424 3318 .
