2459 3834
0 0 117 13 μή.-

241 146 380 232 :on
431 136 1398 252 Gantraelmwsronn
1464 140 1702 220 snm
1749 114 2239 213 manua-u

495 242 512 261 ¹
603 308 683 369 Ρ.
705 308 788 367 F.
826 305 921 371 A.
953 306 1052 371 Ν.
1081 305 1847 372 COMMENTARIUS
1880 296 1891 305 '

391 472 516 535 An
578 467 1118 531 rmncmcum
1173 458 1675 557 Memnon
1717 440 2113 537 siitENAM.

265 552 466 683 Szpe
487 616 708 683 legendo
729 616 1044 669 incurrimus
1069 616 1126 667 in
1151 587 1465 669 haec'Galliae
1490 594 1827 682 cognomina,
1844 624 2070 684 'rogelim
2098 624 2299 677 coma..

199 692 296 747 ω,
324 684 618 746 Brachatae;
639 696 732 733 nec
751 691 930 731 tamen
951 694 1150 743 omnes,
1169 696 1287 745 quae
1306 682 1375 731 sit
1388 696 1571 732 earum
1592 682 1907 745 differentia,
1924 698 2132 735 novere:
2152 690 2297 751 quod
2376 721 2381 727 .

201 752 508 809 ostendere,
545 747 694 797 brevi
720 745 1024 795 definitione
1045 746 1344 808 proposita,
1362 756 1603 796 veterum
1637 747 1939 813 testimonio
1970 751 2301 805 conabimur.

199 812 460 863 Definitur
481 810 652 861 Gallia
679 812 766 859 vel
787 824 820 861 a
846 810 1070 871 regione,
1085 814 1171 859 vel
1191 812 1258 859 ab
1288 810 1561 860 bominum
1581 814 1742 861 cultu.
1762 814 1809 859 A
1826 812 2033 873 regione
2050 816 2142 863 sic:
2166 819 2299 866 Gal-

200 878 276 926 lia
299 880 384 925 vel
411 874 746 937 Transalpina
775 882 872 932 est,
893 886 1010 935 quae
1037 874 1271 923 Ulterior
1310 875 1474 923 etiam
1502 874 1714 933 dicitur,
1738 878 1824 923 vel
1845 877 2105 937 Cisalpina
2124 914 2141 939 ,
2164 892 2288 941 qum

200 940 446 991 citerior.
467 942 700 1001 Utraque
737 936 994 986 dividitur
1021 937 1075 986 ln
1097 938 1245 998 duas,
1262 938 1595 999 Transalpina
1624 938 1679 987 in
1703 940 2104 1001 Narbonensem,
2124 952 2177 991 et
2188 947 2293 993 co-

201 1013 424 1053 nnatamz
445 1003 706 1063 Cisalpina
729 1001 784 1049 in
803 1002 1223 1062 'transpadanam
1243 1037 1259 1061 ,
1276 1010 1330 1050 et
1356 1002 1722 1063 Cispadanam.
1747 1006 1943 1051 Rursus
1974 1018 2006 1052 a
2024 1008 2163 1055 cultu
2187 1009 2291 1057 de-

199 1066 385 1117 finitur
408 1066 508 1116 hoc
537 1066 709 1113 modo:
727 1065 898 1114 Gallia
928 1066 1013 1113 vel
1038 1068 1257 1116 Comata
1278 1073 1383 1125 est,
1405 1068 1493 1115 vel
1522 1066 1807 1127 Brachata,
1830 1069 1918 1115 vel
1940 1072 2148 1129 Togata.
2174 1073 2293 1120 Co-

203 1140 351 1181 mata
369 1139 448 1179 est
473 1126 1004 1189 omnis'rransalpina,
1024 1138 1213 1189 praeter
1239 1130 1647 1179 Narbonensem:
1662 1130 1936 1190 Brachata,
1956 1144 2074 1193 quae
2104 1142 2290 1193 postea

205 1194 562 1245 Narbonensis
590 1192 730 1243 dicta
746 1206 769 1254 .·,
788 1196 980 1253 Togata
1017 1192 1283 1254 Cisalpina
1308 1192 1493 1242 omnis.
1520 1196 1597 1243 De
1622 1195 1839 1244 Comata
1866 1198 2050 1256 probat
2086 1199 2289 1249 Plinius

205 1258 328 1307 libr.
367 1272 451 1308 ιν.
482 1270 598 1317 cap.
621 1269 761 1305 xvu.
787 1256 976 1316 Gallia,
995 1254 1184 1321 inquit,
1202 1258 1371 1305 omnis
1396 1258 1613 1305 Comata
1636 1270 1737 1306 unu
1762 1258 1971 1307 nomine
1998 1264 2287 1325 appellata,

205 1322 263 1371 in
285 1322 394 1371 tria
418 1324 725 1383 populorum
749 1331 935 1381 genera
963 1319 1259 1381 dividitur3
1278 1322 1517 1373 amnibus
1539 1322 1770 1370 maxime
1795 1321 2039 1371 distincta
2058 1324 2079 1383 ,'
2100 1338 2133 1373 a
2153 1330 2287 1376 scal.

200 1384 272 1435 de
289 1387 360 1435 ad
389 1388 676 1447 Sequanam
703 1386 908 1445 Belgica
924 1418 940 1442 ,
967 1384 1034 1431 ab
1055 1396 1116 1431 eo
1137 1384 1206 1431 ad
1225 1386 1548 1433 Garumnam
1568 1384 1765 1433 Celtica
1783 1418 1802 1445 ,
1828 1386 2115 1449 eademque
2144 1394 2291 1453 Lugo-

202 1448 468 1507 dunensis,
483 1448 602 1497 inde
621 1447 689 1497 ad
703 1448 940 1508 Pyrenaei
961 1446 1154 1495 montis
1178 1460 1453 1496 excursum
1474 1481 1491 1507 ,
1510 1446 1789 1511 Aquitania
1810 1482 1827 1508 ,
1842 1450 2145 1501 Aremorica
2164 1464 2291 1505 ante

201 1514 364 1561 dicta.
385 1514 620 1573 Apparet
641 1512 1028 1559 Narbonensem
1047 1510 1223 1558 omitti
1240 1546 1256 1570 ,
1286 1512 1353 1559 de
1372 1522 1476 1573 qua
1497 1512 1779 1573 separatim
1804 1511 1921 1561 libr.
1946 1526 2045 1563 ιιι.
2065 1528 2178 1577 cap.
2200 1530 2285 1568 xv.

199 1574 309 1636 iam
325 1578 674 1631 locutuserat‚
689 1574 884 1637 opinor
903 1584 1096 1636 autem,
1111 1574 1399 1637 antiquitus
1416 1575 1645 1626 Galliam
1663 1588 1876 1625 omnem
1888 1580 2285 1641 Transalpinam

203 1642 482 1689 comatam
507 1638 700 1699 ffiisse3
728 1646 906 1699 postea
939 1650 1066 1687 vero
1090 1640 1478 1688 Narbonensem
1500 1673 1517 1700 ,
1545 1639 1601 1687 in
1637 1651 1741 1702 qua
1778 1638 1926 1690 fuere
1958 1643 2285 1707 Allobroges,

199 1704 534 1765 provinciam
556 1716 588 1753 a
616 1704 865 1751 Romanis
891 1700 1089 1751 factam
1104 1736 1122 1763 ,
1145 1704 1504 1756 Romanorum
1532 1702 1805 1752 hominum
1824 1707 2194 1758 consuetudine
2216 1722 2285 1759 a·-

202 1770 314 1818 lere
336 1780 514 1816 comas
540 1766 768 1815 desiisse.
800 1770 1031 1815 Intonsas
1053 1766 1195 1814 enim
1221 1776 1399 1828 gentes
1420 1777 1574 1815 vocat
1596 1768 1812 1828 Plinius,
1834 1768 2049 1829 Alpinas
2080 1784 2287 1835 quoque

206 1836 408 1893 gentes,
431 1842 655 1893 quarum
680 1832 948 1879 nonnullas
959 1830 1305 1880 Narbonensis
1327 1829 1509 1892 opinor
1536 1830 1723 1881 Galliae
1751 1840 1958 1893 partem
1986 1832 2143 1883 fixisse
2163 1836 2287 1887 libr.

201 1908 283 1949 xx.
308 1908 422 1957 cap.
458 1906 671 1943 xxxvn.
692 1893 938 1955 Nomina,
963 1892 1155 1956 inquit,
1172 1905 1237 1942 ex
1262 1906 1325 1943 eo
1352 1894 1613 1956 capillatis
1640 1894 1855 1957 Alpium
1876 1896 2077 1957 incolis,
2099 1901 2289 1953 Gallie

196 1961 454 2009 comatae.
483 1960 565 2018 Et,
587 1970 907 2021 quamquam
931 1959 1128 2020 reliqua
1154 1970 1360 2021 quoque
1386 1959 1559 2009 Gallia
1578 1972 1609 2007 a
1631 1960 1687 2007 C.
1704 1960 1906 2008 Caesare
1924 1958 1980 2010 in
2001 1962 2290 2023 provincie

201 2021 433 2071 formam
461 2030 540 2070 est
570 2022 796 2071 redacta:
823 2021 946 2083 quia
969 2028 1148 2071 tamen
1166 2022 1513 2071 Narbonensis
1539 2022 1683 2083 prius
1706 2023 1974 2084 provincia
2006 2024 2145 2075 facta
2170 2027 2285 2077 ssie-

201 2096 306 2147 tat,
333 2087 453 2135 ideo
480 2084 770 2136 ProvincIae
791 2084 997 2134 nomine
1012 2120 1029 2145 ,
1053 2086 1193 2148 quod
1213 2085 1371 2134 hodie
1396 2098 1600 2148 quoque
1622 2087 1809 2135 retinet
1826 2120 1843 2145 ,
1868 2100 2075 2149 semper
2101 2094 2287 2153 appel-

195 2151 350 2213 ,lata3
391 2150 590 2213 reliqua
612 2160 740 2197 vero
767 2149 938 2198 Gallia
969 2158 1122 2198 vetus
1149 2152 1383 2198 comatae
1410 2161 1694 2211 cognomen
1726 2150 1940 2200 retinuit
1963 2166 1977 2200 :
2006 2163 2287 2215 propterea

199 2226 299 2263 nec
325 2214 579 2275 Agrippa,
603 2226 726 2262 cum
746 2214 984 2261 Galliam*
1003 2214 1174 2275 longe,
1197 2215 1405 2275 lateque
1426 2213 1716 2273 metiretur,
1743 2214 2089 2264 Narbonensis
2112 2220 2287 2269 ratio-

196 2289 324 2327 nem
351 2278 553 2338 habuit,
571 2276 720 2339 quasi
745 2275 1030 2339 provinciae
1049 2286 1301 2337 separatae
1316 2292 1332 2325 ε
1352 2276 1559 2338 scripsit
1575 2276 1718 2326 enim
1740 2276 1851 2332 haec
1880 2278 2075 2328 Plinius
2094 2284 2283 2333 eodem

198 2342 334 2394 loco:
351 2342 582 2403 Agrippa
603 2341 960 2389 universarum
979 2342 1271 2389 Galliarum
1289 2341 1424 2389 inter
1434 2342 1692 2399 Rhenum,
1710 2350 1765 2389 et
1786 2342 2109 2405 Pyrenaeum,
2126 2355 2290 2409 atqu·

197 2398 482 2467 ⁷Oceanum,
503 2417 567 2455 ac
593 2414 796 2453 montes
817 2404 1133 2465 Gebennam,
1157 2415 1211 2453 et
1223 2408 1422 2465 juram,
1444 2404 1629 2467 quibus
1640 2406 2026 2456 Narbonensem
2054 2411 2287 2460 Galliam

201 2470 452 2529 excludit,
478 2466 856 2531 longitudinem
883 2482 1127 2519 cnxxxm.
1147 2482 1415 2533 passuum,
1439 2468 1773 2519 latitudinem
1802 2482 2030 2519 cccxut.
2058 2485 2287 2535 compu-

199 2532 341 2589 tavit
361 2567 380 2595 ,
403 2542 463 2583 et
493 2534 726 2583 catullus
745 2535 1022 2582 Comatam
1042 2532 1332 2595 appellavit
1354 2534 1581 2585 Galliam
1614 2545 1651 2582 a*
1675 2534 1877 2583 Caesare
1909 2536 2287 2595 perdomitam

523 2664 650 2725 anie
677 2664 760 2711 boe
781 2669 956 2721 potest
981 2662 1152 2711 videre
1167 2696 1184 2721 ,
1209 2664 1319 2723 quis
1337 2669 1504 2719 potest
1516 2660 1659 2719 pati?

518 2734 834 2778 Mamurram
862 2730 1032 2775 habere
1050 2761 1066 2785 ‚
1091 2728 1211 2789 quod
1238 2731 1439 2773 Comata
1462 2728 1632 2775 Gallia

527 2796 751 2843 Habebat
788 2793 940 2846 omnis
956 2826 974 2851 ,
999 2795 1174 2839 ultima
1200 2800 1253 2839 et
1288 2790 1572 2859 Britannia?
1642 2830 1647 2833 .

309 2916 440 2981 Quis
465 2930 624 2981 porro
643 2916 864 2979 dubitet,
885 2918 1010 2980 quin
1020 2916 1352 2979 Transalpina
1366 2916 1552 2978 Gallia,
1571 2928 1673 2967 non
1686 2915 2296 2987 Cisalpina,significetur

206 2980 265 3042 in
291 2981 359 3031 iis
380 2983 596 3035 Antonii
616 2982 820 3044 verbis,
843 2995 960 3044 quae
989 2983 1174 3035 recitat
1200 2983 1382 3031 Cicero
1406 2982 1699 3043 Philippica
1714 2996 1784 3031 ιι.
1805 2984 2034 3034 Galliam
2045 2992 2294 3051 Togatam

200 3047 444 3099 remitto:
477 3047 753 3100 comatam
776 3048 1006 3107 postulo?
1027 3046 1145 3095 Fuit
1167 3047 1309 3095 enim
1330 3047 1429 3093 hoc
1446 3046 1659 3095 Antonii
1682 3047 1973 3107 consilium,
1996 3060 2051 3100 ut
2072 3056 2296 3116 cisalpi-

143 3124 150 3133 ‘
199 3120 330 3159 nam
349 3111 582 3163 Galliam
611 3116 672 3159 D.
694 3114 856 3159 Bruto
877 3110 982 3169 jam
1002 3118 1122 3160 eam
1141 3109 1397 3161 obtinenti
1426 3110 1763 3172 relinqueret-3
1782 3114 2174 3175 Transalpinam
2198 3132 2295 3168 au-

203 3180 336 3234 tem,
368 3188 399 3223 a
421 3180 475 3225 L.
505 3178 695 3225 Planco
713 3185 836 3225 tunc
859 3175 1301 3237 administratam,
1326 3186 1443 3234 quae
1461 3177 1613 3235 longe
1638 3186 1753 3223 erat
1780 3174 2001 3236 firmior,
2026 3180 2125 3227 sibi
2144 3194 2299 3233 assu-

201 3247 377 3287 meret
399 3254 421 3301 3
448 3252 552 3303 quo
583 3246 754 3301 posset
775 3238 980 3299 deinde,
1005 3239 1260 3300 superatis
1287 3238 1507 3299 alpibus,
1531 3237 1585 3285 in
1610 3239 1759 3299 Bruti
1787 3240 2151 3304 Provinciam,
2178 3258 2295 3307 quae

203 3302 400 3363 Togata
426 3304 600 3353 Gallia
631 3318 662 3353 a
692 3306 927 3353 Romano
949 3307 1143 3352 vestitu
1169 3303 1457 3353 vocabatur
1478 3336 1494 3359 ,
1524 3302 1782 3363 impetum
1805 3302 2011 3365 iacere3
2035 3308 2297 3371 Brutoque

205 3363 370 3423 ejecto
393 3369 573 3415 urbem
597 3368 782 3427 ipsam,
793 3370 1034 3428 exemplo
1055 3370 1194 3420 Caesa
1203 3368 1291 3425 πίε,
1310 3377 1583 3425 occupare,
1606 3368 1745 3426 quod
1767 3366 2070 3418 Ciceronem
2092 3382 2192 3418 non
2214 3372 2299 3421 su-

207 3430 330 3492 git3
361 3430 577 3495 subjecit
599 3432 820 3480 enimin
837 3444 900 3481 oo
925 3435 1058 3482 loco:
1083 3432 1291 3482 otiosus
1311 3428 1555 3481 videlicet
1587 3441 1695 3479 esse
1718 3430 1941 3481 mavult.
1964 3434 2029 3479 Et
2040 3432 2298 3499 Philippi-
