2459 3834
778 158 927 215 Lm.
979 148 1055 211 Α.
1105 156 1384 211 mam.
1474 154 1482 168 ··
1826 140 1982 229 523'

166 233 767 317 comminarenturque
817 243 1135 315 impetum,
1196 256 1265 295 ac
1315 252 1496 311 prope
1539 250 1654 311 qno
1697 234 1830 292 loeo
1851 272 1872 305 ‚
1915 244 1980 289 et

164 322 636 397 quemadmodum
669 323 780 377 tela
812 322 1113 377 mitterent
1136 359 1154 390 ,
1184 317 1463 393 praecipit.
1515 314 1776 383 Mirifice
1819 312 1982 370 enim

163 402 419 460 hostium
468 404 612 473 levis
659 412 989 473 armatura,
1046 398 1278 455 anxium
1325 396 1641 455 exercitum
1699 405 1982 463 nostrum,

168 496 347 556 atque
390 483 702 539 sollicitum
754 480 1039 536 habebat:
1089 479 1225 553 quia
1263 492 1324 533 et
1381 477 1604 551 equites
1649 472 1990 533 deterrebat·

164 563 419 635 praelium
494 563 641 618 inire
696 574 928 634 propter
974 574 1244 634 equorum
1295 556 1638 628 interitum,
1677 555 1830 631 qnod
1879 568 1982 610 eon

159 640 363 715 jaculis
411 638 841 711 interficiebat;
889 651 950 695 et
996 636 1372 712 legionarium
1404 638 1654 694 militem
1681 634 1984 708 defatiga-

152 722 268 791 bat
302 734 533 795 propter
564 722 954 776 velocitatem.
1004 717 1217 778 Gravis
1267 718 1422 772 enim
1467 729 1768 771 armaturae
1813 715 1996 771 miles:

165 794 334 857 simul
366 814 537 873 atque
562 801 635 857 ab
663 800 753 856 his
784 800 1092 855 insectatus
1122 797 1463 855 constiterat
1482 835 1502 866 ,
1533 796 1594 851 in
1619 810 1828 870 eosque
1857 793 1982 850 im·-

168 894 363 953 petum
395 880 651 951 fecerat,
678 880 767 936 illi
815 878 1001 936 veloci
1045 895 1211 934 cursu
1249 876 1423 931 facile
1470 876 1779 948 periculum
1811 874 1982 929 vita-
2053 946 2056 950 1

166 958 329 1016 bant.
380 958 595 1035 Quibus
642 976 711 1015 ex
760 958 923 1015 rebus
974 956 1163 1014 Caesar
1226 956 1596 1011 vehementer
1652 970 1982 1012 commove·
2017 962 2124 1027 ³12.

168 1038 377 1097 batur:
402 1042 535 1115 quia
583 1040 973 1114 quodcumque
1028 1036 1320 1111 praelium,
1367 1035 1592 1111 quoties
1639 1048 1768 1091 erat
1813 1050 1990 1091 com-

171 1121 403 1176 missum
426 1160 445 1191 ,
470 1119 731 1196 equitatu
760 1134 859 1175 suo
880 1158 900 1189 ,
928 1119 1053 1173 sine
1082 1114 1400 1191 legionario
1438 1115 1630 1173 milite
1657 1154 1680 1187 ,
1727 1114 1982 1171 hostium

167 1201 449 1273 equitatui
490 1239 512 1272 ‚
574 1198 801 1271 levique
861 1209 1159 1254 armaturae
1207 1212 1402 1254 eorum
1455 1198 1608 1254 nullo
1666 1196 1839 1252 modo
1880 1212 1987 1268 par
2060 1226 2067 1233 -

169 1296 297 1337 esse
325 1290 573 1352 poterat.
596 1276 1026 1334 Sollicitabatur
1055 1290 1248 1333 autem
1277 1276 1367 1331 his
1398 1276 1564 1331 rebus
1585 1316 1606 1349 ,
1631 1275 1782 1349 quod
1828 1290 1988 1332 non-

168 1358 307 1415 dum
358 1359 606 1416 hostium
638 1360 921 1432 legiones-
954 1368 1302 1431 cognoverat
1325 1375 1351 1427 ς
1407 1368 1469 1411 et
1515 1371 1760 1429 quonam
1797 1355 2020 1430 niodo·

167 1438 452 1495 sustinere
482 1454 543 1495 se
573 1450 761 1509 posset
802 1436 875 1492 ab
904 1453 1105 1495 eorum
1154 1436 1414 1509 equitatu
1434 1474 1454 1505 ,
1487 1435 1731 1508 levique
1779 1450 1999 1489 arma-

168 1529 341 1589 tura,
367 1535 487 1591 quae,
534 1530 660 1573 erat
710 1514 997 1588 mirifica,
1026 1516 1074 1573 si
1127 1516 1379 1590 legiones
1426 1530 1650 1589 quoque
1691 1514 1988 1570 'accessis-

164 1610 315 1653 sent.
348 1594 673 1661 Accedebat
711 1598 888 1652 etiam
942 1596 1066 1654 haee
1099 1612 1265 1651 causa
1287 1636 1307 1667 ‚
1351 1595 1498 1669 quod
1548 1594 1986 1668 elephantorum

167 1674 506 1751 magnitudo
538 1718 559 1749 ,
623 1676 1037 1749 multitudoque
1096 1676 1348 1731 militum
1405 1676 1648 1732 animos·
1685 1672 1984 1731 detinebat

164 1754 231 1810 in
265 1769 513 1814 terrore:
535 1756 627 1812 cui
660 1756 751 1810 uni
786 1757 867 1811 rei
892 1767 1079 1811 tamen
1102 1754 1401 1811 invenerat
1425 1754 1760 1809 remedium.
1793 1753 1982 1809 Narn-

162 1852 276 1908 que
307 1838 367 1881 97
410 1836 741 1906 elephantos
772 1852 841 1889 ex
892 1834 1062 1899 Italia
1114 1834 1493 1908 transportari
1534 1832 1817 1907 jusserat,
1864 1850 1978 1906 quo
2053 1858 2060 1865 ·

166 1924 233 1968 et
282 1915 443 1971 miles
491 1928 682 1970 noster
733 1912 1024 1985 speciem,
1078 1924 1137 1969 et
1192 1914 1470 1971 virtutem
1511 1913 1712 1978 bestia!
1746 1930 1975 1987 cogno-

160 2005 352 2061 sceret
372 2034 392 2065 ‚
422 2006 481 2049 et
508 1995 599 2049 cui
625 1992 775 2066 parti
796 1995 1051 2062 corporis
1080 1992 1195 2067 ejus
1228 1998 1402 2050 telum
1435 1981 1606 2049 facile
1635 1991 1806 2068 adjici
1835 1999 1974 2065 pos-²

160 2086 295 2142 setz,
334 2090 713 2145 ornatusque,
763 2089 832 2128 ac
889 2074 1160 2134 loricatus
1213 2076 1548 2147 elephantus
1594 2090 1738 2129 ,cum
1799 2087 1973 2147 esset,

160 2170 281 2225 quae
334 2172 458 2219 pars
505 2152 620 2227 ejus
648 2154 908 2223 eorporis
950 2155 1097 2210 nuda
1136 2154 1261 2209 sine
1311 2155 1562 2227 tegmine
1601 2154 1971 2227 relinquere·-

161 2242 259 2285 tm·
278 2272 297 2303 ,
338 2246 399 2288 ut
430 2250 497 2290 eo
528 2236 641 2289 tela
668 2231 1084 2307 conjicerentur
1105 2273 1125 2304 ,
1169 2245 1441 2302 praeterea
1481 2240 1544 2288 ‘ut
1571 2230 1822 2309 jumenta
1858 2230 1977 2288 be-

158 2310 400 2367 stiarum
432 2314 663 2379 odorem
687 2352 706 2382 ,
732 2312 1041 2369 stridorem
1063 2352 1081 2383 ,
1126 2312 1376 2384 speciem
1417 2312 1826 2367 consuetudine
1863 2327 1976 2367 ca·-

157 2402 394 2464 ptarum
445 2409 557 2450 non
605 2390 1060 2449 reformidarent.
1090 2386 1151 2436 ⁹⁸
1176 2388 1395 2465 Quibus
1425 2408 1494 2447 ex
1524 2390 1688 2447 rebus
1728 2390 1968 2465 largiter

193 2546 263 2596 97
300 2544 589 2597 elephantos
608 2556 669 2589 ex
693 2544 845 2589 Italia
868 2550 1025 2593 trans-
1098 2544 1310 2605 φαντας
1330 2540 1752 2606 μετεπέμπετο.

153 2604 398 2661 portari.)
416 2606 621 2650 Veteres
636 2602 749 2651 libri
775 2603 969 2665 scripti,
982 2610 1035 2653 et
1128 2608 1194 2660 98
1226 2609 1406 2663 „Quibus
1415 2621 1476 2654 ex
1487 2608 1625 2654 rebus
1639 2609 1848 2666 largiter
1859 2620 1970 2658 erae

160 2664 398 2722 impressi
422 2664 474 2712 in
507 2668 731 2714 ltaliam(
752 2666 888 2727 quod
924 2671 1035 2715 Go-

160 2726 348 2775 dulnus
372 2727 615 2776 tuendum
649 2728 871 2787 suscipit.
899 2733 965 2777 At
991 2730 1032 2777 si

161 2788 220 2837 in
232 2790 378 2839 ltalia
394 2790 583 2839 milltes
594 2789 786 2840 adsueti
797 2791 1035 2851 elephan-

161 2852 231 2899 εἰς
248 2852 449 2901 luerunt
468 2888 484 2913 ‚
511 2854 644 2903 unde
654 2853 873 2901 novusin
894 2852 1031 2902 Afri-

160 2926 222 2963 ca
259 2917 461 2965 metus?
500 2929 591 2965 cur
633 2919 835 2967 terroris
860 2921 1029 2975 gratia

159 2976 277 3032 <hoc
302 2978 417 3027 l'lbr.
444 2986 563 3027 sect.
604 2990 692 3037 νο.
728 2987 846 3040 ante
866 2987 1031 3028 castra

158 3037 323 3099 Scipio
342 3042 618 3102 produxit.)
627 3041 919 3090 ciacconius
933 3040 1029 3091 hoc

156 3101 386 3163 primum
414 3103 575 3165 vidit,
606 3104 789 3153 deinde
816 3105 1027 3163 vasius

157 3166 345 3219 (Eiect.
374 3178 454 3215 11.
480 3179 560 3216 22.
584 3175 635 3215 et
662 3184 723 3216 ex
766 3172 917 3215 Italia
949 3170 1031 3215 le-

154 3228 377 3289 gendum
402 3230 739 3286 censuerunt.)
756 3231 1032 3279 Confirmat

93 3313 103 3322 ·
154 3288 253 3338 nio
274 3290 467 3339 Cassius
486 3294 521 3341 l.
543 3308 675 3342 χιιι.
706 3294 795 3343 sub
824 3293 1033 3342 initium

155 3352 185 3397 ὀ
208 3354 406 3416 Καῖσαρ
426 3356 485 3403 ἐκ
522 3362 619 3417 τῆς
640 3354 883 3419 mamm
910 3352 1033 3407 ἑλέ-

1096 2670 1423 2720 consecutus.)
1446 2672 1602 2719 Locus
1628 2671 1764 2718 male
1803 2684 1971 2721 sanus.

1097 2729 1316 2791 Scaliger
1337 2730 1564 2779 hamatis
1579 2730 1790 2790 virgulis
1815 2734 1970 2783 verba

1096 2794 1261 2851 quibus
1285 2808 1350 2841 ex
1374 2797 1515 2841 rebus
1554 2793 1755 2841 inclusit
1773 2831 1788 2854 ,
1806 2797 1968 2857 'quasi

1090 2856 1284 2903 alienat
1305 2868 1457 2918 quem
1481 2854 1644 2905 adbuc
1667 2854 1772 2903 fere
1791 2872 1967 2909 omnes
2050 2906 2055 2913 ,

1085 2917 1311 2967 'editores
1331 2918 1489 2969 secuti
1506 2928 1638 2967 sunt.
1663 2918 1755 2966 Cui
1783 2921 1968 2982 displi-

1091 2989 1173 3029 cet
1199 2980 1446 3039 brevitaS‚
1475 2984 1700 3039 largiter
1721 2994 1829 3031 erat
1851 3000 1964 3033 oon-

1090 3054 1313 3104 secutus‚
1341 3056 1431 3093 nec
1459 3053 1638 3093 caetera
1671 3056 1814 3105 putat
1847 3048 1962 3096 sru-

1090 3112 1191 3153 stra
1214 3102 1428 3156 inlibris
1450 3119 1572 3165 esse,
1586 3106 1718 3155 forte
1739 3122 1836 3155 non
1853 3111 1973 3159 ine-.

1092 3175 1178 3227 pte
1214 3169 1306 3225 sic,
1324 3176 1379 3217 ut
1393 3168 1550 3218 simili
1588 3172 1738 3217 modo
1753 3176 1966 3233 supple-

1093 3230 1244 3279 verit.
1271 3234 1449 3290 Quibus
1480 3248 1542 3281 ex
1573 3237 1738 3298 reims,
1758 3238 1872 3293 quod
1905 3253 1965 3285 ο-

1088 3303 1346 3357 moverat,
1367 3300 1573 3358 largiter
1583 3305 1661 3345 est
1676 3310 1962 3359 consecutus.
