2459 3834
848 109 1000 162 Lm.
1029 110 1102 163 A.
1135 109 1415 165 Hm‘rn.
1914 111 2055 192 531

220 211 284 254 se
327 192 652 267 frequentes
686 227 708 260 ,
753 189 1112 266 stipatosque
1143 204 1443 265 proterere
1463 233 1483 266 ,
1512 201 1574 250 et
1606 193 1662 251 in
1697 203 1891 269 portas
1923 189 2065 250 valli·

225 274 558 332 semifactas
588 281 752 326 ruere
779 274 1151 328 contendunt.
1212 273 1361 328 Item
1407 273 1603 330 Mauri
1654 275 1878 350 equites
1902 313 1922 346 ,
1962 275 2063 348 qui

224 355 288 410 in
317 355 520 410 eodem
550 368 726 408 cornu
755 355 885 406 cum
927 353 1253 426 eleph-antis
1302 367 1469 410 erant
1491 394 1510 427 ,
1564 355 1827 428 praesidio
1855 355 2067 411 deser-

227 436 280 490 ti
313 434 600 507 principes
651 429 898 504 fugiunt·
948 431 1040 486 Ita
1071 433 1341 488 celeriter
1374 435 1577 490 bestiis
1624 434 1927 506 circuitis,
1967 436 2068 489 le-

225 515 427 590 giones
478 515 628 567 vallo
673 511 924 567 hostium
957 528 1086 566 sunt
1123 514 1359 585 potitae:
1394 527 1452 569 et
1487 516 1682 588 paucis
1713 515 1931 572 acriter
1975 531 2071 569 re-

225 593 613 669 pugnantibus
643 590 972 646 interfectis
997 632 1016 663 ,
1061 593 1267 664 reliqui
1298 597 1578 650 concitati
1608 597 1666 650 in
1698 608 1888 650 castra
1914 634 1932 666 ,
1954 610 2071 649 un·-

224 675 300 730 de
332 669 528 747 pridie'
567 683 736 726 erant
777 673 1034 746 egressi,
1064 673 1421 746 confugiunt.
1472 674 1609 731 Non
1660 676 1890 730 videtur
1943 691 2065 730 esse
2109 678 2192 756 84

227 752 788 828 praetermittendum
820 753 894 819 de
935 751 1152 808 virtute
1193 755 1404 809 militis
1446 755 1707 809 veterani
1755 773 1809 810 v.
1874 754 2065 828 legio-

228 836 344 889 nis.
392 832 547 887 Nam
588 847 717 886 cum
759 831 818 884 in
873 831 1114 888 sinistro
1156 849 1334 888 cornu
1364 836 1701 906 elephantus
1743 836 1975 890 vulnere
2004 833 2073 889 i-

232 928 404 984 ctus,
434 927 491 968 et
531 912 733 968 dolore
775 913 1099 968 concitatus
1130 911 1189 966 in
1231 913 1409 968 lixam
1459 913 1738 970 inermem
1788 914 2069 987 impetum

235 989 469 1050 fecisset
511 1031 532 1065 ‚
575 1008 814 1065 eumque
869 993 971 1046 sub
1016 993 1160 1064 pede
1209 993 1555 1066 subditum,
1614 1011 1760 1068 genu
1821 994 2073 1066 innixus,

237 1075 492 1148 pondere
541 1089 685 1143 suc,
735 1071 1074 1144 proboscide
1123 1085 1361 1145 erecta,
1408 1074 1776 1149 vibrantique
1824 1073 2079 1130 stridore

238 1155 494 1210 maximo
548 1165 831 1225 premeret
853 1189 873 1222 ,
902 1166 1074 1226 atque
1119 1163 1430 1209 enecaret:
1484 1153 1650 1210 miles
1688 1154 1789 1210 hic
1820 1170 1932 1210 non
1964 1169 2079 1225 po·-

240 1236 358 1290 tuit
402 1233 520 1306 pati
542 1271 561 1304 ,
591 1231 729 1306 quin
760 1248 820 1287 se
848 1245 1133 1286 armatum
1163 1231 1361 1288 bestiae
1412 1231 1665 1290 offerret.
1708 1231 1893 1307 Quem
1920 1245 2081 1307 post-

241 1331 416 1390 quam
455 1313 792 1385 elephantus
834 1311 906 1366 ad
947 1328 1008 1366 se
1059 1315 1176 1367 telo
1209 1311 1423 1370 infesto
1460 1314 1658 1368 venire
1706 1315 2081 1374 animadver⁴

240 1396 365 1467 tit,
410 1394 620 1448 relicto
675 1391 997 1462 cadavere,
1045 1392 1297 1446 militem
1343 1393 1682 1464 proboscide
1729 1395 2083 1464 circumdat,'

241 1488 415 1548 atque
448 1474 508 1528 in
555 1472 798 1528 sublime
856 1471 1089 1526 extollit
1147 1485 1453 1528 armatum.
1527 1470 1642 1546 Qui
1694 1473 1753 1527 in
1802 1472 2083 1548 ejusmodi

241 1556 500 1630 periculo
541 1561 671 1607 cum
719 1563 1054 1608 constanter
1093 1553 1377 1625 agendum
1407 1551 1520 1608 sibi
1552 1553 1779 1608 videret
1810 1591 1829 1624 ‚
1884 1553 2081 1628 gladio

239 1625 645 1710 proboscidem
671 1671 691 1702 ,
733 1647 846 1705 quo
893 1645 1020 1686 erat
1071 1633 1501 1703 circumdatus,
1550 1633 1766 1688 caedere
1805 1645 2083 1706 quantum

243 1715 466 1771 viribus
499 1723 726 1786 poterat
755 1727 866 1768 non
895 1711 1130 1767 destitit
1163 1729 1178 1767 ε
1221 1729 1336 1785 quo
1374 1713 1576 1768 dolore
1623 1714 1901 1768 adductus
1951 1693 2083 1766 ele-

246 1796 494 1872 phantus
517 1832 537 1865 ,
567 1793 755 1847 milite
794 1790 1064 1865 abjecto„
1106 1795 1359 1848 maximo
1411 1809 1540 1848 cum
1592 1795 1843 1847 stridore
1868 1831 1889 1865 ‚
1935 1809 2081 1848 cur-
2151 1822 2155 1828 -

242 1891 420 1949 suque
449 1889 754 1932 conversus
773 1911 796 1944 ,
825 1873 899 1927 ad
929 1873 1177 1946 reliquas
1207 1874 1424 1928 bestias
1456 1889 1517 1928 se
1548 1873 1789 1946 recepit.

757 2029 810 2088 C
838 2031 894 2088 A
924 2029 970 2088 P
999 2031 1057 2088 U
1087 2031 1140 2088 T
1229 2031 1509 2090 XXXIII.

255 2194 553 2271 Oppidani
573 2190 846 2272 fugituri
877 2209 954 2250 ex
983 2193 1214 2267 Thapso
1238 2203 1543 2266 erumpunt
1562 2233 1581 2266 ,
1612 2195 1721 2252 sed
1742 2194 1801 2250 in
1822 2195 2094 2269 oppidum

256 2276 641 2349 repelluntur.
679 2274 980 2346 Scipionis
1019 2276 1197 2346 copiae
1246 2275 1309 2328 in
1358 2276 1532 2350 regia
1586 2285 1785 2331 castra
1817 2275 2095 2354 fugiunt,

259 2356 460 2413 ultimo
501 2372 537 2411 a·
568 2353 855 2410 Caesareis
903 2355 1259 2408 occiduntur.
1331 2351 1530 2409 Caesar
1578 2357 1794 2411 castris
1853 2359 2099 2428 potitus,

297 2433 648 2514 Vergilium
689 2431 934 2506 frustra
975 2427 1064 2489 ad'
1107 2434 1469 2490 deditionem
1509 2435 1760 2492 invitat.
1820 2437 2059 2494 Uticam

971 2511 1385 2588 proficiscitur.

351 2611 629 2734 Interim
656 2673 892 2749 Thapso
923 2675 1023 2749 qui
1053 2688 1220 2731 erant
1260 2675 1529 2748 presidio
1548 2716 1569 2748 ,
1610 2693 1681 2732 ex
1710 2677 1925 2751 oppido
1956 2693 2101 2733 eru-
2145 2691 2221 2769 ες

263 2756 530 2834 ptionem
564 2771 730 2828 porta
772 2757 1088 2814 maritima·
1111 2756 1368 2812 faciunt:
1410 2771 1470 2812 et
1494 2796 1513 2825 ,
1542 2758 1666 2812 sive
1700 2771 1773 2812 ut.
1804 2761 1919 2812 suis
1961 2757 2104 2813 sub·-

265 2838 420 2895 sidio
460 2849 830 2892 occurrerent
859 2876 878 2905 ‚
907 2837 1031 2892 sive
1075 2851 1138 2892 ut
1161 2876 1180 2907 ‚
1217 2836 1435 2910 oppido
1462 2837 1737 2909 'deserto‘‚
1782 2837 1912 2910 fuga
1945 2841 2131 2892 salu-.

262 2929 383 2974 tem
415 2915 527 2972 sibi
563 2930 834 2990 pararent
862 2955 882 2986 ,
927 2917 1303 2990 egrediuntur
1326 2955 1345 2986 ,
1376 2931 1550 2989 atque
1583 2919 1667 2972 ita
1700 2919 1758 2961 ¹9
1808 2922 1906 2990 pet·
1954 2934 2111 2972 mare

259 2997 523 3055 umbilici
557 2995 670 3052 fine
716 2998 959 3071 ingressi
989 3037 1008 3068 ,
1059 2997 1596 3068 terram'petebant.
1650 2995 1771 3072 Qui
1821 3012 1854 3050 a
1906 3000 2114 3068 servis,

261 3081 568 3154 puerisque
586 3116 607 3150 ‚
630 3078 729 3151 qui
760 3078 826 3140 in
853 3078 1060 3135 castris
1091 3093 1261 3133 erant
1282 3115 1302 3148 ,
1331 3076 1621 3150 lapidibus
1641 3117 1661 3148 ,
1696 3077 1940 3150 pilisque
1965 3095 2115 3150 pro-

335 3269 400 3316 19
468 3267 562 3309 Per
589 3277 721 3309 mare
757 3261 960 3310 umbilici
1001 3261 1151 3315 fine.)
1212 3261 1403 3322 fragm.
1423 3274 1487 3308 ex
1508 3260 1625 3308 libr.
1647 3273 1739 3309 111.
1766 3259 1898 3306 Hist.
1918 3264 2017 3312 fine
2032 3264 2113 3318 in·-

265 3322 526 3373 umbilico
555 3335 714 3376 tenus.
755 3330 858 3390 ⁸Sic
883 3327 1150 3376 Sallustius
1211 3331 1409 3387 gainam
1438 3329 1773 3382 ingrediuntur
1806 3339 1956 3374 mare.

1436 3389 1601 3474 ‘Llc
