2459 3834
1811 120 1956 203 5241

366 283 498 410 A
571 295 1101 409 HIRTII
1169 289 1793 466 PANSAE

361 531 372 551 '
459 535 1617 627 COMMENTARIORUM

115 741 328 852 DE
421 735 885 868 BELLO
989 646 2037 890 HISPANIENSI*

500 966 572 1049 L
609 970 648 1050 l
685 969 754 1050 B
791 965 864 1051 E
901 963 1050 1049 R
1128 965 1212 1048 U
1250 961 1341 1049 N
1382 963 1463 1048 U
1498 959 1588 1048 S.

31 567 44 600 Η
31 475 44 522 ‘Q-

34 631 44 700 -ι-

35 1297 48 1332 ε.
31 1215 48 1252 fl
31 1133 47 1170 Π
32 1055 50 1106 ’3-
32 973 48 1008 Π
31 891 48 928 Β

751 1245 1372 1320 .οΑΡυΤ.ι,

32 1378 49 1414 ξ

32 1459 53 1498 Ι

31 1541 50 1581 fi»

123 1410 230 1474 Cn.
255 1411 574 1485 Pompeyus
595 1410 881 1485 presidia
910 1418 1226 1483 comparat,
1256 1417 1323 1464 et
1342 1406 1713 1481 provinciam
1738 1418 1971 1467 vastat.

325 1491 531 1550 Italia·
571 1492 858 1550 civitates
882 1487 1166 1546 auxilium
1195 1488 1534 1568 conquirunt
1563 1498 1771 1548 contra

872 1570 1231 1645 Pompejum.

32 1783 50 1822 ὁ
115 1736 580 1870 Pharnace
584 1824 897 1888 superato,
935 1811 1142 1870 Africa
1170 1822 1405 1886 recepta
1425 1851 1447 1885 ,
1478 1812 1579 1886 qui
1607 1823 1679 1868 ex
1707 1811 1785 1870 iis
1814 1831 1973 1888 prae-
2014 1854 2047 1894 1

120 1897 228 1951 liis
258 1911 387 1950 cum
439 1896 804 1951 adolescente
831 1893 940 1950 Cn.
996 1893 1327 1987 Pompejo¹
1364 1893 1751 1969 profugissent
1770 1933 1791 1966 ,
1843 1912 1973 1952 cum

121 1987 192 2031 et
226 1979 251 2009 ²
285 1975 578 2032 ulterioris
605 1975 902 2068 Hispaniae
932 1975 1154 2048 potitus
1183 1985 1371 2046 esset,
1400 1971 1536 2030 dum
1566 1971 1758 2030 Caesar
1792 1977 1818 2018 3
1850 1993 1991 2033 mu-

119 2054 376 2120 neribus
389 2055 596 2111 dandis
636 2056 698 2111 in
729 2055 900 2111 Italia
929 2055 1222 2110 detinetur
1244 2093 1265 2127 ‚
1296 2041 1411 2128 quo
1446 2042 1677 2111 facilius
1708 2057 1978 2128 praesidia

119 2148 336 2191 contra
361 2148 723 2210 compararet
737 2135 1098 2210 PompejuS,
1083 2152 1145 2191 ιιι
1166 2133 1341 2190 finem
1372 2133 1805 2209 uniuscujusque
1828 2137 1983 2192 civi-

121 2215 276 2270 tatis
295 2211 601 2289 confugere
621 2217 818 2288 coepit.
833 2215 928 2270 Ita
946 2216 1160 2290 partim
1187 2213 1472 2287 precibus,
1487 2215 1700 2287 partim
1722 2215 1782 2270 vi
1792 2255 1816 2286 ‚
1838 2217 1983 2272 bene

32 2297 34 2318 ³
119 2311 341 2370 magna
361 2308 694 2367 comparata
724 2312 916 2367 manu,
922 2295 1303 2388 provinciam
1330 2307 1561 2351 vastare
1586 2295 1788 2368 coepit.
1819 2294 1983 2369 Qui-

32 2375 41 2390 ‘'
119 2376 238 2430 bns
265 2375 330 2428 in
361 2373 528 2429 rebus
571 2377 853 2430 nonnullae
885 2375 1158 2432 civitates
1199 2391 1300 2430 sua
1330 2382 1537 2448 sponte
1580 2375 1797 2430 auxilia
1828 2377 1984 2434 mit-

117 2453 380 2525 tebant,
419 2454 566 2509 item
598 2457 883 2510 nonnullae
921 2469 1122 2532 portas
1163 2454 1527 2512 claudebant.
1564 2454 1656 2510 Ex
1698 2454 1902 2528 quibus
1928 2458 1983 2512 si

117 2551 250 2610 qua
299 2531 513 2607 oppida
541 2533 604 2590 vi
655 2548 930 2608 ceperat,
981 2553 1111 2592 cum
1164 2537 1377 2610 aliquis
1425 2552 1495 2592 ex
1539 2552 1609 2590 ea
1638 2535 1886 2592 civitate
1913 2555 1983 2594 o·

121 2615 328 2690 ptime
355 2614 427 2670 de
458 2612 568 2669 Cn.
599 2612 871 2691 Pompejo
922 2617 1160 2672 meritus
1192 2617 1343 2676 civis
1374 2627 1568 2687 esset,
1600 2628 1837 2689 propter
1884 2635 1985 2692 pe-
2066 2652 2071 2658 -

32 2759 35 2772 ι
120 2695 318 2751 cuniae
367 2694 824 2768 magnitudinem
878 2697 1071 2770 aliqua
1122 2695 1179 2752 ei
1240 2696 1597 2751 inferebatur
1647 2712 1816 2751 causa
1838 2737 1858 2768 ,
1920 2709 1986 2753 ut

122 2791 210 2833 eo
241 2775 315 2832 de
367 2774 561 2833 medio
591 2777 860 2849 sublato,
910 2794 982 2832 ex
1011 2775 1130 2852 ejus
1161 2777 1407 2851 pecunia
1458 2781 1488 2820 4
1518 2779 1813 2832 latronum
1864 2779 1983 2832 lar·

32 2995 40 3032 ς
207 2983 238 3020 1
332 2973 739 3032 Profugissent.>
775 2974 1030 3035 Profuge-
1090 2973 1855 3035 ciaRornauaillistemporibus
1869 2973 1985 3028 fuit.
2024 3017 2029 3021 .

125 3045 276 3084 rant.
293 3037 370 3084 Sic
393 3050 528 3096 saepe
555 3047 752 3088 auctor.
781 3039 909 3086 Vide
941 3039 1032 3086 in-
1161 3054 1189 3099 3
1258 3041 1547 3088 Muneribus
1598 3042 1825 3092 dandis.)
1856 3043 1988 3100 Spe-

125 3099 292 3148 frac.
321 3111 370 3158 5.
397 3108 518 3150 sect.
541 3111 624 3150 11.
651 3110 842 3152 notata.
1095 3103 1310 3151 ctaculis
1350 3107 1542 3164 populo
1566 3103 1765 3150 dandis.
1990 3159 1997 3171 Δ

149 3183 156 3188 ·
210 3173 242 3208 2
305 3167 558 3212 Ulterioris
586 3167 1032 3224 Hispamae.)Aute
1152 3182 1194 3236 4
1258 3171 1523 3214 Latronum
1564 3169 1779 3224 largitio.
1800 3166 1821 3219 )
1866 3168 1985 3214 Plus

123 3230 429 3283 Angustum
470 3230 636 3278 omnis
681 3229 924 3289 Hispania
974 3231 1030 3276 in
1095 3227 1330 3290 partibus
1385 3231 1489 3276 suis
1568 3239 1749 3278 auctor
1825 3229 1986 3288 favet,

32 3303 36 3320 ’·
128 3287 460 3347 citeriorem,
469 3301 518 3338 et
533 3295 833 3340 ulteriorem
855 3293 1026 3340 divisa
1092 3307 1252 3354 quam
1296 3295 1486 3343 bouum
1530 3293 1743 3343 decebat
1774 3291 1987 3343 histori-

32 3355 35 3382 ἑ
122 3361 272 3401 erat.
287 3353 1027 3424 Utraqueseparatimprovin-
1093 3369 1228 3406 cum.
