2459 3834
897 76 947 126 L
974 78 1002 127 1
1033 78 1082 128 n
1109 74 1154 127 Ε
1185 76 1242 129 ιι
1332 76 1461 127 rv.⁸
1952 78 2056 156 99

214 156 938 235 propter·’‹rnagnitudinem
965 158 1075 212 nisi
1097 158 1158 211 in
1185 160 1306 213 alto
1328 152 1601 215 constitui
1628 162 2050 233 non'poteranr.

215 241 512 308 Militibus
534 248 746 309 autem,
779 238 995 311 ignotis
1017 238 1178 306 locis,
1199 236 1499 308 impeditis
1523 242 1800 312 manibus,
1825 258 2055 317 magun,

219 336 284 377 et
309 320 468 395 gravi
500 334 674 375 onere
699 330 984 374 armorum
1017 318 1245 390 pressiS,
1266 317 1509 371 simulet
1542 317 1613 371 de
1645 320 1879 376 navibus
1901 321 2057 377 desi-

219 402 498 471 liendum,
515 413 574 455 et
603 400 668 452 in
700 397 958 453 fluctibus
1009 398 1431 453 consistendum
1453 436 1472 467 ,
1503 408 1563 451 et
1614 415 1741 473 cum
1797 401 2056 459 hostibus

218 494 350 537 erat
375 479 730 554 pugnandum
756 498 776 549 3
805 494 933 534 cuni
966 478 1052 531 illi
1082 489 1181 531 aut
1213 494 1283 531 ex
1322 476 1519 546 arido,
1542 492 1635 532 aut
1680 482 1961 553 paululum
1998 482 2059 537 in

219 568 428 635 aquam
467 558 788 633 progressi,
818 558 1078 613 omnibus
1107 556 1378 611 membris
1408 557 1709 630 expediti,
1740 562 2061 619 notissimis

215 642 369 697 locis
391 679 409 712 ,
437 640 709 693 audacter
731 640 846 693 tela
875 638 1222 711 conjicerent
1246 675 1265 708 ,
1294 646 1352 689 et
1385 648 1558 709 equos
1597 638 1943 695 insuefactos
1968 643 2059 695 in·

225 722 498 775 citarent.
521 716 741 792 Quibus
764 716 927 773 rebus
949 717 1127 772 nostri
1157 716 1475 790 perterriti,
1496 730 1665 789 atque
1694 719 1848 793 hujus
1870 722 2061 777 omni-

226 809 313 857 ho
331 800 554 876 generis
575 797 1060 873 pugnaeimperiti
1082 836 1102 869 ,
1123 813 1235 851 non
1275 810 1473 851 omues
1510 800 1711 853 eadem
1734 802 2063 873 alacritate,

229 896 302 939 ac
345 879 568 949 studio,
596 896 707 951 quo
743 876 802 931 in
845 878 1197 949 pedestribus
1242 876 1329 933 uti
1376 876 1587 947 praeliis
1616 894 2051 953 consueverant,

225 960 550 1015 utebantur.
583 956 751 1033 Quod
785 958 877 1013 ubi
910 954 1099 1013 Caesar
1127 955 1541 1013 animadvertit
1564 994 1585 1029 ,
1616 974 1789 1014 naves
1838 963 2055 1036 longam,
2099 972 2179 1033 ας

225 1052 466 1113 quarum
497 1050 557 1093 et
589 1038 806 1113 speeies
835 1051 958 1094 erat
988 1036 1248 1091 barbarIs
1278 1035 1615 1093 inusitatior
1639 1077 1659 1109 ,
1680 1050 1739 1093 et
1771 1054 1957 1095 motus
1984 1042 2060 1095 ad

221 1134 386 1175 usum
409 1118 756 1191 expeditior,
783 1118 1066 1191 paniolum
1088 1116 1373 1171 removeri
1401 1116 1473 1171 ab
1492 1118 1776 1173 onerariis
1800 1120 2060 1193 navibus,

225 1198 292 1255 et'
323 1199 492 1258 remis
517 1198 746 1253 incitari
772 1238 790 1268 ‚
817 1208 876 1252 et
907 1198 978 1251 ad
1014 1200 1159 1252 latus
1187 1208 1449 1269 apertum
1484 1196 1734 1255 hostium
1764 1200 2063 1271 constitui,

227 1292 406 1352 atque
435 1279 566 1333 inde
591 1277 780 1333 fundis
802 1318 821 1346 ,
853 1277 1158 1331 tormentis
1181 1312 1198 1345 ,
1227 1275 1461 1349 sagittis
1488 1276 1679 1333 hostes
1712 1280 2062 1351 propelli‚ac

203 1352 556 1415 „submoveri
585 1358 787 1431 jussit:
823 1374 940 1431 quae
972 1373 1062 1411 res
1086 1372 1294 1428 magno
1330 1354 1450 1411 usui
1484 1358 1694 1417 nostris
1736 1356 1885 1415 fuit:
1929 1374 2065 1413 nam

231 1450 298 1494 et·
325 1438 554 1493 navium
587 1435 797 1511 figura,
825 1452 884 1491 et
919 1452 1201 1491 remorum
1225 1446 1403 1489 ‘motu
1424 1473 1439 1503 ‚
1461 1446 1520 1489 et
1546 1436 1826 1493 inusitato
1854 1456 2067 1513 genere

233 1529 652 1575 tormentorum
697 1516 942 1589 permoti
975 1516 1245 1585 barbari,
1274 1514 1657 1571 constiterunt
1680 1555 1699 1586 ,
1739 1532 1807 1571 ac
1841 1520 2067 1591 paulurn

234 1598 420 1654 modo
440 1599 636 1670 pedem
661 1599 994 1659 retulerunt.
1034 1594 1150 1666 At,
1180 1596 1391 1651 nostris
1419 1594 1699 1653 militibus
1729 1600 2069 1653 cunctanti-

234 1677 340 1733 bus
360 1715 378 1749 ,
412 1678 656 1731 maxime
689 1688 922 1751 propter
951 1676 1317 1729 altitudinem
1347 1674 1524 1729 maris
1546 1676 1690 1749 ,·qui
1723 1692 1777 1731 x.
1826 1676 2068 1752 legionis

233 1758 490 1831 aquilam
515 1756 738 1811 ferebat
759 1794 780 1827 ,
809 1768 1160 1811 contestatus
1188 1754 1325 1811 deos
1348 1795 1367 1827 ,
1398 1766 1459 1808 ut
1482 1770 1547 1809 ea
1568 1768 1661 1813 tes
1692 1756 1904 1829 legioni
1940 1758 2071 1813 feli-

233 1837 386 1893 citer
417 1836 676 1891 eveniret
701 1852 716 1891 ε
746 1835 1050 1890 “Desilite
1070 1874 1089 1905 ,
1120 1834 1311 1909 inquit
1333 1873 1350 1904 ,
1380 1834 1621 1905 militeS,
1650 1836 1760 1893 nisi
1793 1836 1966 1893 vultis
1995 1854 2072 1891 a·-

237 1917 456 1991 quilatn
507 1914 763 1971 hostibus
799 1916 1074 1989 prodere:
1119 1930 1226 1987 ego
1266 1926 1426 1969 certe
1459 1930 1647 1969 meum
1690 1915 1855 1989 Reip.
1900 1928 2073 1989 atque

239 1996 578 2068 imperatori
608 1992 863 2049 officium
902 1995 1249 2073 praestitero.
1267 2032 1307 2063 „
1362 1994 1487 2049 Hoc
1525 2010 1653 2049 curn
1696 2012 1901 2069 magna
1932 2009 2075 2053 voce

238 2075 504 2146 dixisset,
523 2092 584 2130 se
604 2090 673 2129 ex
706 2075 836 2129 navi
871 2073 1109 2147 projecit
1132 2112 1150 2143 ,
1181 2085 1353 2147 atque
1374 2072 1436 2127 in
1471 2072 1663 2129 hostes
1686 2076 1934 2149 aquilam
1960 2076 2077 2131 fcr-

239 2173 305 2211 re
337 2156 535 2227 coepit.
561 2152 710 2209 Tum
752 2153 1259 2209 nost‘ri'cohortati
1303 2152 1457 2207 inter
1487 2168 1580 2222 se,
1613 2168 1683 2206 ne
1710 2166 1931 2209 tantum
1962 2156 2077 2209 de-

240 2237 415 2289 decus
443 2233 870 2305 admitteretur,
891 2232 1140 2288 universi
1163 2249 1235 2287 ex
1256 2234 1388 2286 navi
1409 2230 1762 2287 desilierunt.
1786 2234 1904 2289 Hos
1932 2235 2073 2291 item

244 2316 462 2369 aliiex
511 2314 788 2386 proximis
830 2314 1068 2369 navibus
1097 2328 1222 2367 cum
1255 2312 1721 2383 conspexissent,
1771 2312 2077 2387 subsecuti,

248 2394 510 2451 hostibus
541 2394 1084 2468 appropinquarunt.
1119 2391 1435 2466 Pugnatum
1458 2404 1547 2447 est
1568 2386 1641 2445 ab
1665 2392 1912 2467 utrisque
1935 2396 2077 2450 acri·
2116 2396 2195 2457 26

253 2486 371 2529 ter.
398 2473 600 2529 Nostri
627 2485 813 2528 tamen
830 2512 848 2544 ,
879 2472 1026 2546 quod
1049 2488 1227 2547 neque
1250 2471 1754 2548 ordinesservare,
1776 2478 1959 2547 neque
1979 2470 2079 2534 fir-

189 2602 198 2611 .
256 2554 434 2608 miter
455 2552 738 2625 insistere,
761 2568 940 2625 neque
959 2552 1119 2625 signa
1150 2546 1407 2625 subsequi
1444 2562 1731 2625 poterant,
1750 2564 1919 2628 atque
1940 2556 2083 2611 alius

255 2634 373 2689 alia
407 2650 474 2687 ex
505 2634 673 2703 navi,
705 2632 1144 2707 quibuscumque
1173 2630 1355 2705 signis
1382 2642 1713 2685 occurrerat
1734 2671 1752 2701 ,
1780 2649 1841 2698 se
1870 2650 2088 2709 aggre-

255 2712 432 2787 gabat
457 2732 485 2785 ς
509 2728 850 2786 magnopere
883 2711 1373 2783 perturbabantur.
1408 2706 1615 2780 Hos'tes
1648 2726 1784 2765 vero
1805 2752 1823 2781 ,
1846 2716 1996 2767 notis
2022 2732 2089 2769 o·

243 2793 488 2853 mnibus
517 2794 719 2863 vadis,
766 2792 862 2847 ubi
901 2800 971 2845 ex
1019 2792 1193 2849 litore
1223 2792 1444 2865 aliquos
1492 2791 1805 2863 singulares
1845 2808 1915 2846 ex
1955 2792 2091 2851 navi

259 2872 629 2946 egredientes·
654 2884 1066 2947 conspexerant
1089 2912 1108 2943 ,
1139 2872 1399 2925 incitatis
1420 2869 1577 2942 equis
1611 2868 1917 2941 impeditos
1939 2874 2092 2929 ado-

259 2950 581 3007 riebantur.
613 2950 809 3007 Plures
855 2966 1060 3024 paucos
1087 2950 1629 3025 circumsistebant3
1678 2946 1777 3003 alii
1808 2950 1881 3005 ab
1910 2954 2094 3009 latere

261 3044 468 3103 tperto
492 3033 552 3085 in
587 3032 876 3087 universos
907 3029 1454 3103 tela’cohjiciebane.
1475 3023 1643 3101 Quod
1676 3028 1802 3082 cun‘l
1834 3032 2097 3086 animad-

265 3112 540 3166 vertisset
565 3108 796 3183 Caesar,
829 3111 1064 3183 scaphas
1093 3113 1393 3185 longarum
1426 3108 1651 3162 navium
1675 3147 1695 3179 ,
1717 3108 1855 3162 item
1896 3128 2101 3183 specu.

265 3190 479 3245 latoria
512 3190 743 3267 navigia
789 3190 1069 3246 militibus
1099 3188 1375 3263 compleri
1408 3187 1610 3262 jussit:
1642 3201 1701 3241 et
1724 3228 1741 3259 ,
1769 3206 1907 3262 quos
1938 3193 2101 3247 labo-

267 3282 467 3327 rantes
487 3283 882 3345 conspexerat,
905 3272 983 3327 iis
1006 3271 1257 3328 subsiuia
1280 3267 1671 3325 submittebat.
1688 3266 1917 3344 Nostri,
1932 3260 2100 3328 'simul

1260 3346 1386 3407 Ga

1768 3498 2133 3629 66325
2150 3495 2213 3597 232.
