2459 3834
465 73 622 145 244
1039 77 1142 128 nn
1189 77 1429 127 nermo
1482 55 1809 136 GA'Luco
2368 9 2421 66 7

461 154 760 226 praefectus
780 157 1080 230 equitum,
1100 156 1403 230 singularis
1422 169 1483 210 et
1512 155 1731 224 animi,
1759 165 1820 208 et
1842 151 2157 238 prudentiae
2178 155 2299 229 vir,

457 249 588 288 suos
615 233 900 304 hortatur,
921 249 1236 310 agmenque
1271 235 1516 290 hostium
1542 240 1897 304 consecutus,
1920 232 2135 289 turmas
2162 251 2301 308 par.

457 307 570 368 t'im
593 311 816 369 idoneis
839 316 979 372 locis
1001 315 1290 386 disponit,
1318 309 1535 386 partim
1557 313 1814 386 equiturn
1840 313 2091 384 praelium
2133 325 2303 370 com.

459 393 672 448 mittit.
702 390 988 449 Consistit
1031 395 1299 450 audacius
1329 395 1614 467 equitatus
1648 391 1939 461 hostium,
1968 394 2295 448 succeden-

463 471 622 528 tibus
649 472 757 528 sibi
803 468 1088 544 peditibus
1113 512 1132 544 ,
1161 475 1259 547 qui
1293 487 1418 530 toto
1450 473 1675 548 agmine
1704 471 2075 527 subsistentes
2089 475 2299 546 ,equi-

460 551 615 608 tibus
647 550 762 607 suis
791 567 993 608 contra
1033 567 1259 609 nostros
1290 553 1478 608 ferunt
1526 551 1816 608 auxilium.
1869 546 1970 604 Fit
2032 553 2295 622 praelium

455 631 581 684 acri
631 631 966 688 certamine.
1021 629 1304 708 Namque
1315 627 1539 703 nostri,
1567 629 1913 704 contemptis
1946 630 2135 702 pridie
2184 644 2295 688 su·-

457 710 680 780 peratis
735 710 995 768 hostibus
1023 749 1042 784 ,
1095 729 1222 767 cum
1282 670 1541 786 subsequi
1584 711 1831 788 legiones
1862 705 2288 785 meminissent,

453 800 516 842 et
547 789 758 860 pudore
799 791 1078 860 cedendi,
1112 801 1172 846 et
1223 789 1540 864 cupiditate
1569 785 1809 844 celerius
1840 804 1937 862 per
1978 805 2044 844 se
2088 789 2289 846 confi-

453 868 644 924 ciendi
697 871 874 941 praelii
927 909 947 943 ,
995 869 1309 928 fortissime
1384 882 1583 928 contra
1635 869 1855 942 pedites
1926 869 2283 940 praeliantur-⁶

449 943 952 1022 hostesquenihil
991 951 1232 1023 amplius
1281 949 1575 1026 copiarum
1627 962 1979 1004 accessurum
2028 949 2289 1005 creden-

453 1037 584 1098 tes,
630 1041 696 1084 ut
757 1029 944 1100 pridie
995 1042 1427 1104 cognoverant,
1474 1027 1699 1084 delendi
1746 1027 2032 1100 equitatus
2076 1029 2284 1086 'nostri

336 1121 414 1182 29
455 1107 610 1165 nacti
661 1110 1016 1166 occasionem
1047 1109 1407 1167 videbantur.
1468 1105 1617 1163 Cum
1662 1107 1991 1181 aliquandiu
2050 1123 2277 1166 summe

451 1188 823 1248 contentione
880 1187 1303 1246 dimicaretur·
1286 1227 1309 1261 ,
1386 1185 1715 1243 Dumnacus
1769 1186 2007 1243 instruit
2066 1189 2279 1261 aciem,

421 1281 571 1338 quae
611 1267 726 1324 suis
752 1277 914 1324 esset
931 1268 1216 1342 equitibus
1251 1269 1499 1324 invicem
1549 1265 1826 1339 praesidio.
1870 1263 2018 1321 Tum
2054 1282 2287 1339 repen-

449 1355 512 1400 te
551 1345 822 1404 confertae
873 1348 1130 1424 legiones
1180 1349 1240 1405 in
1300 1359 1665 1419 conspectum
1716 1345 1969 1428 hostium
2017 1349 2278 1408 veniunt.

435 1421 669 1496 Quibus
724 1425 902 1500 visis,
955 1429 1218 1501 perculsae
1272 1426 1641 1484 barbarorum
1701 1421 1896 1480 turmssae
1936 1464 1955 1496 ‚
2010 1441 2081 1480 ac
2138 1441 2281 1500 per-

451 1507 668 1562 territae
699 1508 850 1562 acies
900 1506 1191 1579 hostium,
1221 1506 1552 1580 perturbato
1582 1505 2123 1578 impedimentorum
2164 1521 2281 1582 ag:-

445 1583 602 1640 mine
631 1625 652 1655 ‚
718 1603 926 1659 magno
978 1590 1228 1644 clamore
1258 1628 1278 1659 ‚
1334 1587 1699 1658 discursuque
1757 1585 1965 1662 passim
2016 1583 2159 1660 fugae
2210 1605 2275 1644 se

445 1665 740 1720 mandant.
786 1665 872 1721 At
903 1667 1084 1722 nostri
1115 1667 1377 1741 equites,
1409 1665 1505 1738 qui
1557 1666 1744 1738 paullo
1784 1678 1919 1720 ante
1960 1679 2086 1719 cum
2118 1668 2276 1721 resi·-

443 1744 728 1800 etentibus
779 1735 1092 1802 fortissime
1120 1745 1537 1824 conflixerant,
1587 1744 1791 1801 laetitia
1828 1743 2086 1800 victoriae
2108 1747 2272 1826 elati,

443 1837 652 1896 magno
694 1825 940 1898 undique
989 1829 1236 1882 clamore
1284 1818 1548 1896 sublato,
1600 1821 1931 1880 cedentibus
1959 1817 2271 1886 circumfn-

445 1901 837 1976 si,quantum
895 1921 1166 1978 equorum
1227 1905 1381 1960 vires
1444 1903 1517 1958 ad
1574 1899 2071 1978 persequendum,
2118 1906 2277 1960 dex-

401 1992 660 2052 .traeque
717 1984 788 2038 ad
841 1985 1166 2044 caedendum
1216 1988 1459 2054 valent,
1504 1997 1727 2040 tanturn
1786 1989 1867 2039 e'o‘
1906 1984 2113 2056 praelio
2136 1986 2271 2040 ‘in-

444 2059 1008 2136 terficiunt.1taque
1037 2066 1277 2137 amplius
1309 2063 1558 2121 millibus
1591 2081 1695 2119 κη.
1746 2075 1844 2118 aut
1894 2075 2273 2138 armatorum,

425 2151 544 2194 aut
591 2158 829 2213 eorum,
881 2144 1006 2216 qui
1029 2145 1241 2202 timore
1280 2159 1437 2201 arma
1471 2141 1868 2218 projecerant,
1916 2142 2269 2222 interfectis,

323 2235 434 2297 30
445 2221 662 2278 omnis
681 2223 994 2282 multitudo
1039 2225 1268 2298 capitur
1299 2224 1856 2298 impedimentorum.
1906 2219 2037 2294 Qua
2058 2223 2139 2278 ex
2166 2217 2268 2279 'fu-

439 2316 515 2374 ga
541 2317 670 2359 cum
691 2315 1021 2374 constaret,
1049 2302 1387 2376 Drapetem.
1402 2301 1680 2358 Senonem
1710 2301 1731 2369 (
1761 2301 1893 2376 qui,
1923 2313 1985 2356 ut
2018 2303 2269 2372 primum

435 2379 728 2438 defecerat
771 2380 1010 2452 Gallia,
1053 2384 1313 2440 collectis
1352 2383 1597 2462 undique
1629 2339 1902 2454 perditis³
1919 2381 2269 2458 hominibus,

433 2460 618 2516 servis
647 2464 718 2515 ad
753 2462 1081 2518 liberta-tem
1121 2462 1383 2533 vocatis,
1424 2457 1677 2518 exulibus
1736 2460 1988 2516 omnium
2049 2461 2265 2518 civita·

413 2550 558 2592 -tnm
587 2537 840 2610 accitis,
872 2542 1120 2614 receptis
1153 2539 1509 2612 latronibus,
1534 2535 1986 2612 impedimenta,
2016 2553 2076 2596 et
2107 2556 2271 2598 com-

395 2629 658 2677 ··meatus
709 2579 1094 2681 Rornanorum
1139 2621 1576 2697 interceperat)
1615 2623 1727 2678 no'n
1782 2621 2028 2692 ‘amplius
2066 2621 2271 2678 homi-

435 2715 572 2754 num
622 2717 676 2756 v.
727 2699 978 2757 millibus
1019 2717 1090 2756 ex
1143 2699 1279 2776 fuga
1320 2699 1578 2758 collectis
1611 2739 1629 2771 ,
1682 2699 2039 2776 provinciam
2091 2713 2267 2774 pete..

409 2793 499 2832 τε
529 2817 548 2848 ,
597 2795 814 2853 unaque
844 2779 1143 2836 consilium
1173 2797 1303 2836 cum
1349 2796 1417 2842 eo
1458 2777 1787 2834 Lucterium
1818 2777 2142 2872 Cadurcum
2171 2797 2269 2836 ce-

401 2858 586 2928 ·pisse
615 2897 635 2928 ,
662 2877 831 2933 quem
867 2861 926 2902 ⁸⁷
975 2859 1036 2914 in
1077 2862 1370 2932 superiore
1418 2858 1836 2914 commentario
1865 2898 1885 2931 ,
1934 2857 2122 2932 prima
2151 2859 2266 2916 de·-

429 2935 684 2994 sectione
734 2937 940 2994 Galliae
991 2939 1182 2996 facere
1231 2942 1292 2994 in
1334 2938 1691 3018 provinciam
1721 2935 1999 3016 impetum
2037 2939 2268 2996 voluis-

427 3031 492 3070 se
507 3017 866 3093 ,cognitum
883 3030 1010 3077 est·
1028 3017 1315 3078 Caninius
1355 3022 1623 3098 legatus,
1650 3034 1779 3077 cum
1831 3019 2181 3094 legionibus
2184 3037 2265 3120 ,¹¹⁸

403 3245 406 3248 .
497 3221 562 3270 1⁷
628 3217 686 3260 tn
727 3216 974 3274 superiore
1021 3226 1311 3266 commenta-
1374 3216 1669 3267 Lucterium
1727 3215 1974 3282 scripsit,
2038 3217 2131 3283 qui
2179 3223 2261 3269 en

432 3274 1116 3346 rio->Cap.3.sect.5.1bi
1143 3283 1311 3333 Caesar
1374 3281 1626 3334 Luterius.
