2459 3834
864 115 1201 175 menn
1273 118 1360 173 v.
1730 196 1738 201 -
1918 114 2102 179 121„

829 280 1183 341 CAPUT
1259 276 1441 336 x11.

142 432 379 495 Cesar
411 478 437 511 ,
472 450 563 498 ut
594 442 917 503 exereitum
938 442 1161 517 duplici
1186 448 1506 499 commeatu
1549 448 1844 515 reponet,
1869 456 2074 509 mee.

138 532 556 597 exspectat,-
574 521 963 598 sedfvustra3
982 540 1192 601 quare,
1221 540 1358 581 cum·
1371 538 1438 579 se
1469 522 2074 601 navigandi-occasio

134 596 403 657 idonea.
436 601 808 676 obtulisset,
835 603 1137 661 militibus
1172 604 1490 683 angustius
1519 601 1826 658 collocatis
1853 603 1918 657 in
1934 602 2072 675 *iis-,³

136 690 311 755 'quas
348 697 579 739 secum
609 684 861 743 babebat
878 725 899 757 ,
924 684 1199 755 navibus,
1227 684 1412 741 solvit
1436 700 1451 739 :
1482 682 1621 740 inde
1645 684 1976 740 exercitum*
1993 683 2065 739 in

188 758 523 820 bibernis
540 764 807 839 collocat,
835 764 1169 845 legionibus
1192 765 1256 819 in
1267 762 1476 839 plures
1501 763 1784 819 civitatis
1803 773 2016 837 partes
2061 776 2068 786 ·

438 844 799 904 distributis
818 866 845 920 3
871 848 1003 921 ipse
1030 846 1256 903 veroin
1283 840 1494 902 Gallia
1529 853 1810 899 moratur.

150 1028 159 1035 ·
246 930 478 1061 His
520 1005 782 1064 deductis
802 1048 824 1079 ,
852 1004 1004 1081 quod
1032 1018 1095 1063 et
1124 1004 1490 1079 captIvorum
1523 1018 1792 1079 magnum
1839 1020 2061 1060 nume-

146 1092 297 1135 rum
327 1085 646 1159 habebat,
672 1102 734 1143 et
766 1090 1045 1147 nonnullae
1075 1097 1424 1160 tempestate
1445 1086 1815 1159 deperierant
1852 1100 2056 1157 naves,

148 1160 417 1220 duobus
454 1168 873 1225 commeatibus
910 1169 1230 1227 exercitum
1266 1179 1568 1241 reportare
1597 1164 1924 1223 constituit.
1961 1164 2056 1221 Ac

152 1240 256 1295 sic
306 1248 559 1303 accidit
586 1288 606 1319 ,
634 1262 696 1305 ut
716 1290 737 1323 ‚
764 1266 837 1307 ex
876 1260 1045 1305 tanto
1096 1247 1328 1307 navium
1361 1261 1599 1303 numero
1628 1286 1648 1318 ‚
1679 1257 1770 1302 tot
1789 1246 2056 1319 *naviga-

154 1321 466 1382 tionibus
488 1366 509 1397 ,
540 1346 722 1403 neque
763 1330 877 1387 hoc
900 1366 919 1399 ,
946 1344 1131 1403 neque
1166 1328 1464 1400 superiore
1487 1342 1640 1381 anno
1668 1328 1784 1383 ulla
1813 1326 2056 1381 omnino

164 1404 365 1459 navis
386 1444 413 1477 ,
463 1423 583 1481 quae
620 1408 837 1465 milites
881 1422 1186 1481 portaret,
1221 1406 1688 1463 desideraretur:
1733 1417 1796 1460 at
1825 1420 1916 1477 ‚ex
1956 1404 2056 1481 iis,

163 1496 311 1554 quae
376 1485 592 1543 inanes
640 1505 713 1545 ex
752 1490 1090 1547 continente
1134 1488 1210 1543 ad
1262 1505 1398 1547 eum
1449 1487 1890 1547 remitterentur
1913 1488 1936 1559 ,‘
1992 1494 2059 1541 et

164 1562 425 1632 prioris
446 1581 797 1627 commeatus
808 1569 1094 1643 expositis
1118 1567 1403 1631 militibus
1423 1608 1446 1639 ‚
1467 1580 1528 1632 et
1549 1583 1688 1641 quas
1703 1579 1914 1641 ⁴postest
1934 1562 2056 1621 La-

173 1637 409 1702 bienus
448 1647 1075 1707 faciendascuraverat
1106 1666 1344 1707 numero
1371 1665 1459 1705 Lx.
1481 1687 1502 1720 ,
1533 1664 1830 1721 perpaucae
1862 1631 2052 1703 iocum

171 1737 535 1800 caperent3
574 1732 805 1805 reliquae
852 1730 974 1787 fere
1020 1748 1219 1788 omnes
1259 1728 1635 1803 rejicerentur
1666 1745 1684 1784 z
1734 1743 1874 1802 quas
1914 1744 2054 1782 cum

174 1803 536 1879 aliquandiu
566 1808 758 1868 Caesar
787 1811 1003 1869 frustra
1044 1822 1434 1885 exspectasset
1450 1850 1470 1882 ,
1499 1826 1586 1865 ne·
1608 1808 1747 1863 anni
1784 1820 2048 1881 tempore
2086 1810 2094 1815 “

176 1888 580 1963 navigatione
605 1893 1024 1963 excluderetur,
1051 1892 1203 1966 quod
1227 1890 1633 1965 aequinoctium
1662 1888 1914 1961 suberat,
1945 1904 2052 1971 nef

181 1968 457 2025 cessario
483 1973 779 2047 angustius
808 1972 1027 2029 milites
1053 1973 1368 2030 collocavit
1391 2010 1411 2042 ,
1447 1984 1518 2027 ae
1548 1978 1828 2027 summam
1851 1980 2048 2024 ⁸tran--

182 2048 557 2119 quillitatem
580 2066 917 2111 consecutus
937 2093 959 2127 ‚
990 2053 1238 2111 secunda
1263 2052 1418 2107 inita
1442 2068 1576 2108 cum
1597 2052 1866 2109 solvisset
1891 2044 2048 2124 vigi·

180 2124 275 2181 lia
299 2169 322 2200 ,
357 2130 544 2203 prima
585 2136 713 2189 luce
743 2147 961 2190 terram
1000 2125 1241 2208 attigit,
1264 2149 1575 2206 omnesque
1594 2132 1912 2188 incolumes
1941 2146 2049 2185 na·

186 2220 297 2265 ves
333 2212 621 2283 perduxit.
654 2212 961 2279 Subductis
992 2215 1256 2284 navibuS,
1271 2212 1636 2286 concilioque
1656 2210 1958 2268 Gallorum
1981 2211 2042 2255 ²⁷
2085 2234 2166 2295 24

187 2282 619 2349 Samarobrivae
652 2304 887 2367 peracto
910 2336 930 2367 ,
958 2294 1110 2370 quod
1150 2310 1226 2355 eo
1251 2310 1402 2349 anno
1419 2291 1771 2350 frumentum
1801 2292 1861 2346 in
1883 2290 2044 2345 Gal-

186 2366 277 2424 lia
296 2410 314 2441 ,
346 2386 583 2446 propter
610 2376 931 2447 siccitates,
960 2376 1258 2451 angustius
1289 2386 1667 2447 provenerat,
1695 2385 1930 2427 coactns
1953 2382 2044 2427 est

188 2448 395 2519 aliter,
422 2470 491 2507 ac
516 2455 907 2529 superioribus
944 2457 1110 2514 annis
1131 2496 1154 2528 ‚
1180 2455 1506 2511 exercitum
1532 2454 1593 2509 in
1628 2450 2045 2509 hiber-nisce}-

190 2528 435 2604 locare,
463 2532 826 2611 legIonesque
869 2536 931 2591 in
976 2540 1169 2610 plures
1218 2536 1494 2591 civitates
1522 2532 1918 2591 distribuere:
1970 2548 2046 2589 ex

192 2609 403 2683 quibus
432 2630 599 2672 uuam
646 2616 710 2673 in
742 2614 1010 2673 Morinos
1038 2616 1357 2674 ducendam
1387 2612 1457 2689 C.
1487 2614 1672 2671 Fabio
1701 2616 1897 2688 legato
1919 2614 2042 2667 'de-

190 2689 287 2747 dit
316 2707 335 2747 :
364 2695 609 2751 alteram
635 2694 697 2751 in
726 2694 982 2755 Nervios
1002 2696 1075 2776 Q.
1108 2696 1426 2754 Ciceroniz
1460 2691 1520 2733 ²⁸
1553 2695 1794 2751 tertiam
1824 2696 1886 2749 in
1917 2690 2043 2747 Es-
2086 2693 2090 2700 '
2131 2708 2141 2718 ‘

193 2784 325 2829 suos
354 2770 433 2830 L.
456 2774 673 2836 Roscio
700 2792 716 2834 ι
746 2791 1015 2852 quartam
1043 2780 1105 2839 in
1134 2776 1382 2836 Rhemis
1411 2792 1540 2832 eum
1581 2774 1650 2832 T.
1685 2774 1948 2831 Labieno
1977 2773 2044 2831 in

192 2934 199 2939 -
258 2916 328 2963 2⁷
391 2910 765 2959 Samarobriva.
786 2910 942 2965 >Hoc
981 2924 1085 2961 ve-
1144 2908 1304 2959 babet
1332 2910 1386 2957 in
1417 2911 1630 2957 Samara
1653 2906 1833 2957 fluvio.
1869 2906 2044 2960 Hodie

199 2978 314 3017 rum
340 2980 527 3019 nomen
551 2984 615 3019 ex
640 2974 803 3022 Faerni
827 3009 843 3033 ,
864 2984 917 3023 et
941 2974 1081 3024 ursi·
1144 2977 1340 3025 Aaeniens
1363 3008 1378 3031 ‚
1405 2982 1562 3033 caput
1583 2970 1973 3020 Ambianorum.

202 3030 254 3077 nl
291 3034 547 3082 codicibus
572 3034 854 3085 Ptolomaeo
892 3038 1082 3097 Σαμα-
1208 3040 1276 3085 28
1341 3039 1558 3101 Tertiam
1574 3038 1622 3083 in
1638 3032 1870 3089 Euneos.)
1889 3034 2038 3097 Quod

205 3090 435 3154 ροβρύουα
459 3132 474 3157 ,
493 3110 596 3145 non
616 3101 994 3162 samar-obtine,
1022 3110 1082 3151 ut
1140 3112 1300 3149 nemo
1333 3112 1584 3159 umquam
1613 3104 1894 3149 Essuorum·
1926 3110 2039 3149 me·-¹

204 3154 259 3203 in
290 3158 441 3207 editis
466 3160 645 3212 multis
680 3171 774 3213 est.
806 3168 873 3213 Et
899 3166 1083 3215 Cicero
1142 3164 1328 3223 minit,
1347 3167 1409 3211 Β.
1429 3163 1662 3224 Vossius,
1687 3172 1742 3213 et
1762 3165 1921 3215 Hadr.
1944 3167 2040 3220 Va·

206 3226 538 3273 Samarobriva
563 3260 579 3285 ,
604 3226 695 3275 lib.
725 3240 858 3286 vnr.
888 3241 971 3290 ep.
990 3232 1090 3287 ιιι.
1155 3227 1308 3279 lesius
1371 3236 1580 3293 censent
1631 3230 1820 3283 AEduor
1865 3231 2042 3293 legen·-

208 3289 257 3331 et
279 3297 390 3333 xvl.
416 3292 571 3337 Briva
594 3324 610 3348 ‚
650 3290 763 3339 slve
796 3295 937 3350 briga
964 3304 1091 3353 pons
1152 3294 1281 3351 dum
1319 3302 1443 3343 esse.

210 3344 289 3397 est
333 3348 541 3401 celticae
566 3374 589 3415 ς
630 3360 787 3416 quem
836 3355 1091 3420 oppidum
