2459 3834
858 34 869 63 i

418 144 458 215 1
474 158 573 237 34
947 162 1048 215 m:
1087 142 1341 213 ιιιιιω
1396 147 1721 211 GAmeo

412 240 650 316 inquit,
676 236 939 301 Varene²
979 256 1078 298 aut
1114 259 1278 317 quem
1325 244 1506 295 locum
1542 236 1844 313 probandae
1870 236 2110 297 virtutis
2139 250 2274 299 tue

416 320 744 395 exspectas?
788 324 901 379 Hic
933 322 1056 377 dies
1084 321 1155 376 de
1200 321 1410 377 nostris
1453 318 1864 375 controversiis
1888 320 2196 393 judicabit.
2215 358 2264 395 „

417 400 557 456 Haec
596 420 724 460 cum
754 402 995 460 dixisset
1020 442 1039 473 ,
1080 403 1340 475 procedit
1371 412 1532 453 extra
1583 399 1932 455 munitiones
1957 421 1978 472 3
2019 414 2080 456 et
2123 420 2266 475 quae

418 490 553 555 pars
584 476 837 539 hostium
865 480 1285 538 confertissima
1305 478 1431 534 visa
1459 492 1586 550 est,
1606 478 1666 532 in
1687 496 1814 534 eam
1845 481 2134 553 irrumpit.
2157 480 2270 537 Ne

421 560 689 617 Varenus
714 562 945 641 quidem
988 572 1111 617 tum
1151 565 1303 616 vallo
1343 575 1465 615 sese
1517 556 1815 629 continet,
1845 558 1943 613 sed
1991 561 2271 616 omnium

419 636 647 697 veritus
669 638 1154 698 existimationem
1184 638 1587 713 subsequitur,
1619 638 1893 695 mediocri
1925 639 2116 711 spatio
2147 657 2272 697 re·-

421 720 586 775 lict'o.
618 719 799 777 Pulfio
838 724 1013 793 pilum
1047 722 1107 776 in
1140 722 1331 776 hostes
1361 719 1544 773 mittit
1568 730 1778 791 ,atque
1801 736 1970 774 unum
1997 738 2068 775 ex
2087 722 2272 775 mul-

422 798 679 857 titudine
720 812 1151 873 procurrentem
1194 796 1476 872 transjicit
1511 814 1670 871 :quo
1711 808 2008 871 percusso,
2031 814 2090 853 et
2113 813 2274 854 exa·-

426 874 691 952 nimato,
718 882 869 938 hunc
916 881 1095 937 scutis
1127 892 1436 953 protegunt
1467 878 1702 947 hostes,
1733 891 1794 933 et
1822 878 1880 933 in
1917 876 2079 933 illum
2111 878 2274 934 uni..

427 956 582 1014 versi
626 964 739 1015 tela
773 961 1131 1035 conjiciuut3
1174 976 1354 1031 neque
1397 958 1534 1011 dant
1577 958 1938 1030 regrediendi
1999 955 2272 1013 faculta-z

428 1042 573 1094 te'ms
600 1038 986 1113 Transfigitur
1017 1054 1238 1095 scutum
1271 1034 1512 1093 Pulfioni
1540 1072 1560 1105 ,
1587 1050 1649 1092 et
1675 1048 1936 1093 verutum
1968 1032 2029 1092 in
2059 1038 2268 1096 balteo

421 1117 715 1194 defigitur.
765 1119 1001 1175 Avertit
1034 1118 1129 1173 hic
1168 1134 1328 1174 casus
1357 1114 1620 1193 vaginam
1643 1156 1664 1188 ,
1711 1128 1771 1173 et
1796 1117 2062 1191 gladium
2092 1119 2254 1173 edu-

422 1210 557 1255 cere·
583 1200 847 1257 conantis
880 1201 1142 1255 dextram
1192 1210 1450 1253 moratur
1498 1208 1729 1251 manum
1743 1193 2260 1289 ‚impeditumque

422 1276 621 1336 hostes
658 1276 1107 1336 circumsistunt.
1137 1274 1476 1333 succurrit
1461 1276 1724 1331 inimicus
1756 1274 1844 1332 illi
1879 1276 2163 1350 Varenus,
2185 1291 2251 1335 et

420 1358 711 1415 laboranti
751 1360 1030 1417 subvenit.
1074 1358 1169 1415 Ad
1201 1358 1350 1413 hunc
1381 1374 1441 1412 se
1471 1356 1774 1411 confestim
1803 1369 1838 1411 a
1866 1354 2149 1413 Pulfione
2167 1374 2250 1413 o-

424 1440 575 1495 mnis
622 1437 928 1496 multitudo
966 1438 1278 1495 convertit.
1331 1436 1496 1490 Illum
1527 1447 1730 1491 veruto
1779 1434 2108 1492 transfixum
2139 1454 2253 1493 ar-

424 1515 733 1573 biti-antur.
783 1516 915 1574 Illic
941 1533 1085 1574 vero
1110 1526 1370 1574 occursat
1403 1530 1578 1586 ocyus
1613 1515 1850 1588 gladio,
1879 1513 2255 1591 comunisque

428 1611 554 1651 rem
593 1589 745 1671 gerit
782 1597 1079 1653 Varenus’:
1114 1609 1288 1671 atque
1327 1612 1438 1651 uno
1459 1594 1779 1650 interfecto
1809 1596 2055 1669 reliquos
2097 1612 2256 1669 pau-

430 1677 547 1731 lum
582 1674 870 1750 propellit.
925 1676 1081 1733 Dum
1110 1674 1369 1749 cupidius
1408 1676 1626 1744 instat,
1677 1673 1736 1729 in
1770 1674 1953 1729 locum
1993 1674 2252 1734 inferio-

430 1772 555 1813 rem
588 1755 839 1833 dejectus
866 1756 1139 1814 concidit.
1173 1755 1326 1811 Huic
1353 1770 1540 1810 rursus
1567 1753 1958 1811 circumvento
1985 1754 2100 1810 fert
2118 1754 2255 1811 sub..

435 1835 647 1892 sidium
688 1834 910 1913 Pulfio:
952 1848 1123 1909 atque
1159 1835 1330 1891 ambo·
1360 1830 1706 1903 incolumes,
1735 1833 2166 1903 compluribus
2147 1852 2257 1913 ln<-

428 1915 979 1986 terfectis,surn1'na
1006 1932 1137 1971 cum
1159 1914 1325 1970 laude
1353 1930 1474 1969 sese
1501 1914 1657 1968 intra
1697 1914 2044 1970 munitiones
2089 1916 2255 1971 reci—

433 1994 622 2067 piunt.
665 1994 762 2049 Sic
788 1991 1067 2051 fortuna
1047 2012 1107 2049 m
1142 1995 1512 2051 contentione
1533 2031 1553 2063 ,
1583 2005 1643 2048 et
1673 1994 1988 2051 certamine
2022 2006 2256 2051 utrum„

434 2086 547 2145 que
576 2072 881 2147 servabit,
918 2087 981 2129 ut
1018 2074 1165 2129 alter
1212 2072 1384 2129 alteri
1435 2071 1703 2128 inimicus
1749 2071 1968 2130 auxilio
1993 2110 2014 2145 ,
2044 2076 2260 2131 saluti-

436 2156 555 2225 'que
576 2166 759 2208 esset·
744 2160 963 2228 ‚neque
991 2152 1296 2228 diiudicari
1325 2166 1573 2225 posset,
1613 2166 1741 2209 uter
1767 2150 1882 2208 utri
1913 2154 2134 2210 virtute
2155 2171 2260 2211 an-

242 2256 267 2281 ·
316 2240 399 2311 ,ἧς
432 2231 765 2287 tefereudus
806 2234 1115 2290 videretur.
1156 2226 1391 2307 Quanto
1419 2244 1546 2288 erat
1589 2232 1648 2289 in
1679 2220 1802 2287 dies
1829 2234 2104 2307 gravior,
2153 2246 2262 2290 at-

437 2326 550 2386 que
585 2306 843 2385 asperior
869 2311 1262 2387 oppugnatio,
1292 2325 1352 2367 et
1384 2314 1630 2368 maxime
1657 2313 1848 2385 quod,
1875 2330 2081 2388 magna
2115 2330 2260 2385 par..

437 2400 500 2445 te
542 2393 797 2448 militum
834 2393 1099 2451 confecta
1124 2392 1498 2464 vulneribus,
1529 2408 1620 2447 res
1652 2393 1722 2445 nd
1756 2394 2103 2471 paucitatem
2145 2393 2265 2450 de-

437 2468 727 2526 sensorum
778 2474 1155 2547 pervenerat,
1206 2485 1370 2527 tanto
1411 2471 1730 2528 crebriores
1767 2468 1990 2543 literae,
2031 2473 2265 2529 nuntii-

353 2550 363 2562 ’
437 2562 549 2623 que
587 2552 655 2605 ad
686 2545 969 2609 Caesarem
1020 2552 1437 2608 mittebantur:
1466 2568 1707 2625 quorum
1767 2562 1894 2623 pars
1932 2552 2268 2625 deprehen-

434 2629 616 2765 sabin
662 2644 966 2707 conspectu
1004 2644 1346 2728 nostrorum
1373 2632 1632 2728 militum
1669 2640 1800 2723 cum
1849 2634 2110 2691 cruciatu
2145 2646 2271 2691 ue·-

436 2722 509 2767 «ιιι
548 2720 735 2791 autur.
976 2726 983 2733 ·
