2459 3834
486 179 491 183 ,
919 116 1426 175 FRAGMENTA.
1946 105 2088 199 581

247 216 443 267 ratum
466 219 592 261 esse
612 198 936 277 rescripsit.
949 201 1062 260 Ex
1081 201 1272 262 Cicer.
1295 200 1433 260 libr.
1458 219 1514 278 3.
1539 202 1717 278 epist.
1744 205 1825 264 ad
1840 203 2097 285 ,Quinem

250 289 464 346 Fratr.
495 285 678 359 epist.
719 301 768 338 1.

225 395 240 434 χ
371 365 542 440 Quod
598 364 832 440 quidem
872 365 1291 438 propemodum
1350 361 1555 421 videor
1595 382 1667 422 ex
1715 365 1960 424 Caesaris
2010 370 2100 426 li-

252 447 400 506 teris
420 487 440 519 ,
471 445 650 520 ipsius
700 446 1000 501 voluntate
1045 443 1239 500 facere
1292 460 1457 516 posse
1482 483 1503 516 ,
1552 447 1649 519 qui
1704 463 1878 524 negat
1913 467 2095 524 neque

247 527 549 585 honestius
570 565 592 597 ‚
639 541 825 598 neque
854 525 1035 580 tutius
1064 525 1212 580 mihi
1255 525 1565 598 quidquam
1596 543 1720 584 esse
1743 568 1763 599 ,
1809 546 1979 602 quam
2022 531 2096 585 ab

247 609 411 666 omni
451 605 827 663 contentione
855 604 1074 661 abesse.
1104 604 1216 662 Ex
1247 601 1438 661 Cicer.
1470 604 1607 662 libr.
1645 623 1737 664 10.
1768 610 1849 664 ad
1881 611 2093 670 Attic.

246 689 430 764 epist.
469 703 561 742 10.

369 763 564 822 Caesar
603 763 754 820 mihi
802 764 1058 840 ignoscit
1099 783 1202 840 per
1242 764 1446 828 literas
1468 805 1489 838 ,
1539 766 1696 839 quod
1748 785 1862 824 non
1906 785 2096 825 vene-

247 847 413 919 rim,
440 861 674 920 seseque
705 847 766 902 in
810 846 1094 920 optimam
1123 858 1351 922 partem
1396 846 1455 903 id
1484 847 1751 920 accipere
1782 849 1949 904 dicit.
1980 849 2098 904 Fa.

245 928 366 984 cile
405 928 637 1000 patior,
678 925 833 1002 quod
887 926 1135 1000 scribit,
1181 941 1377 982 secum
1426 924 1683 982 Tullium
1724 939 1784 982 et
1827 925 2095 984 Servium

247 1016 482 1084 questos
509 1023 632 1064 esse
655 1045 676 1078 ,
725 1005 862 1083 quia
913 1023 1026 1063 non
1064 1006 1220 1064 idem
1260 1005 1412 1075 sibi,
1442 1004 1593 1082 quod
1624 1005 1773 1062 mihi
1820 1009 2093 1064 remisis-

245 1100 363 1160 set,
389 1100 503 1144 etc.
534 1087 634 1144 sed
667 1097 860 1142 tamen
893 1089 1216 1160 exemplum
1250 1086 1385 1142 misi
1407 1086 1482 1142 ad
1513 1098 1572 1143 te
1602 1083 1849 1143 Caesaris
1877 1087 2094 1144 litera..

249 1185 400 1226 rum.
425 1167 538 1224 Ex
577 1163 702 1224 Cic.
731 1164 871 1224 libr.
908 1182 999 1223 10.
1029 1167 1210 1240 epist.
1251 1167 1331 1222 ad
1356 1164 1568 1224 Ante.
1602 1167 1781 1241 epist.
1816 1185 1872 1242 3.

370 1245 601 1304 sextius
646 1247 798 1320 apud
847 1263 943 1304 me
981 1246 1094 1302 fuit
1113 1288 1135 1320 ,
1182 1257 1245 1303 et
1274 1245 1683 1322 Theopompus
1714 1247 1943 1320 pridie:
1974 1245 2106 1303 ve-'

244 1327 400 1387 nisse
450 1344 488 1383 a
545 1324 778 1384 Caesare
825 1325 1098 1384 narrabat
1159 1328 1399 1383 literas:
1452 1327 1563 1383 hoc
1626 1327 1881 1384 scribere
1902 1366 1922 1398 ,
1974 1328 2089 1383 sibi

244 1420 474 1466 certum
531 1424 656 1464 esse
693 1406 892 1465 Romae
942 1423 1178 1464 manere
1197 1447 1219 1480 ,
1281 1421 1622 1482 causamque
1676 1422 1803 1462 eam
1853 1409 2092 1462 adscri-

245 1487 387 1546 bere
408 1528 431 1563 ,
465 1506 587 1563 quae
615 1496 742 1544 erat
784 1489 848 1544 in
876 1487 1124 1561 epistola
1168 1498 1367 1544 nostra
1388 1526 1409 1556 ,
1438 1503 1511 1542 ne
1550 1503 1613 1542 se
1650 1486 1889 1543 absente
1934 1488 2091 1560 leges

244 1585 360 1626 snae
399 1567 829 1644 negligerentur
854 1607 874 1640 ,
903 1569 1055 1626 sicut
1085 1580 1235 1624 esset
1268 1569 1533 1641 neglecta
1560 1564 1947 1646 sumptuaria.
1977 1561 2092 1624 Ex

241 1645 373 1710 Cic.
403 1648 448 1708 I.
489 1667 578 1724 13.
611 1649 791 1723 epist.
821 1648 903 1704 ad
933 1647 1139 1706 Attic.
1171 1647 1351 1722 epist.
1384 1661 1442 1723 7.

369 1727 484 1786 Sed
511 1729 651 1786 heus
682 1743 745 1786 tu
765 1769 787 1802 ,
817 1730 995 1786 celari
1035 1729 1241 1785 videor
1278 1744 1315 1782 a
1354 1737 1457 1798 teg
1494 1727 1916 1802 quomodonam
1937 1766 1958 1798 ‚
2004 1727 2089 1783 mi

241 1809 454 1867 Frater
473 1848 494 1884 ,
530 1809 604 1866 de
634 1810 850 1867 nostris
879 1807 1137 1866 versibus
1158 1803 1393 1864 Caesar?
1415 1806 1572 1864 Nam
1598 1809 1849 1882 primum
1872 1807 2085 1862 librum

243 1905 308 1946 se
336 1889 544 1964 legisse
573 1890 812 1964 scripsit
860 1889 936 1945 ad
987 1906 1080 1945 me
1128 1900 1303 1945 ante:
1336 1900 1397 1944 et
1430 1889 1617 1959 prima
1650 1889 1735 1944 sic
1754 1928 1774 1960 ,
1818 1900 1881 1943 ut
1916 1901 2087 1961 neget

241 1987 310 2034 se
339 1987 414 2026 ne
441 1969 646 2028 Graeca
683 1969 917 2047 quidem
947 1970 1186 2026 meliora
1215 1969 1439 2044 legisse.
1483 1970 1733 2043 Reliqua
1759 1969 1830 2022 ad
1875 1985 2085 2042 quem-
2153 1974 2163 1997 ‘

244 2050 381 2106 dam
433 2053 622 2109 locum
659 2065 1008 2130 ρ’ᾳουμώηερα
1027 2090 1048 2123 ,
1098 2050 1210 2107 hoc
1270 2050 1429 2106 enim
1470 2049 1656 2106 utitur
1706 2048 1925 2120 verbo,
1964 2060 2081 2105 etc.

243 2129 357 2190 Ex
386 2127 509 2188 Cic.
541 2129 584 2189 l.
618 2148 672 2187 α.
715 2131 894 2204 epist.
931 2129 1010 2186 ad
1039 2128 1365 2208 ⁴Quinc-tum
1407 2128 1685 2186 Fratrem
1718 2129 1895 2204 epist.
1950 2143 2043 2202 ¹5·

365 2211 457 2266 Ex
486 2211 792 2266 Britannia
815 2207 1010 2266 Caesar
1041 2210 1115 2263 ad
1155 2226 1252 2263 me
1288 2209 1414 2263 Kal.
1456 2207 1780 2280 Septembr.
1811 2207 1974 2261 dedit
2008 2207 2087 2262 li-

246 2300 445 2360 teras,
471 2307 610 2365 quas
651 2307 762 2363 ego
801 2287 1000 2362 accepi
1049 2289 1124 2343 ad
1164 2308 1246 2344 1v.
1300 2289 1424 2342 Kal.
1454 2285 1694 2344 Octobr.
1728 2286 1871 2341 satis
1912 2301 2086 2342 com-

245 2368 450 2428 modas
503 2369 577 2426 de
622 2369 938 2424 Britanicis
988 2368 1190 2424 rebus:
1235 2368 1438 2442 quibus
1482 2383 1554 2422 ne
1596 2366 1891 2436 admirer,
1930 2365 2086 2438 quod

243 2465 284 2506 a
323 2460 385 2504 te
415 2451 596 2506 nullas
626 2449 951 2523 acceperim
971 2488 993 2521 ,
1033 2447 1243 2504 scribit
1270 2465 1328 2502 se
1360 2448 1484 2504 sine
1518 2460 1577 2503 te
1605 2447 1778 2504 fuisse
1798 2485 1817 2517 ,
1847 2460 1979 2499 cum
2008 2445 2084 2502 ad

243 2545 408 2586 mare
441 2529 794 2603 accesserit,
832 2540 948 2584 etc.
990 2527 1102 2586 Ex
1122 2526 1247 2587 Cic.
1270 2527 1407 2586 libr.
1442 2547 1497 2603 3.
1526 2529 1703 2602 epist.
1730 2527 1810 2582 ad
1838 2523 2084 2604 „Quinc-

249 2617 376 2666 tum
417 2609 664 2668 Fratem
722 2609 901 2683 epist.
949 2627 1003 2664 1.

367 2687 516 2746 Cum
549 2690 700 2744 hane
733 2689 852 2764 jam
878 2690 1186 2762 epistolam
1223 2689 1675 2762 complicarem,
1717 2683 2006 2740 tabellarii
2046 2701 2083 2742 a

247 2767 418 2827 vobis
458 2782 739 2826 venerunt
769 2769 844 2825 ad
884 2787 963 2824 xr.
1006 2769 1130 2824 Kal.
1161 2767 1480 2841 Septembr.
1521 2766 1800 2823 vicesimo
1848 2765 1962 2819 die.
2005 2761 2083 2837 O,

245 2866 344 2906 me
383 2846 728 2906 sollicitum!
776 2863 1054 2924 quantum
1085 2866 1194 2924 ego
1234 2850 1389 2906 dolui
1424 2849 1487 2904 in
1528 2844 1772 2903 Caesaris
1798 2845 2083 2899 suavissi-

248 2930 365 2986 mis
387 2930 596 2986 literis.
637 2928 748 2986 Sed
789 2945 900 3004 quo
939 2943 1108 2985 erant
1153 2930 1446 2986 suaviores
1467 2966 1488 2999 ,
1527 2943 1598 2984 eo
1642 2923 1913 2998 majorem
1963 2925 2083 2978 do·-

249 3009 434 3066 lorem
483 3010 637 3066 illius
683 3009 784 3065 ille
825 3025 986 3066 casus
1031 3009 1328 3066 afferebat.
1376 3009 1490 3066 Eu
1518 3006 1641 3067 Cic.
1662 3007 1705 3065 l.
1731 3025 1784 3082 3.
1806 3005 1980 3079 epist.
2004 3003 2085 3060 ad

251 3085 578 3166 ,Quinetiam
610 3089 902 3173 Fratrem!
935 3091 1114 3163 epist.
1147 3107 1200 3146 1.
