2459 3834
445 67 479 124 1·
493 50 595 124 80
1004 63 1106 120 ue
1146 63 1393 116 euno
1424 63 1749 120 eunuco

437 151 610 207 facile
633 187 652 218 ,
693 144 842 220 quod
871 144 1130 221 equitatu
1163 145 1275 217 ipsi
1300 143 1588 205 abundent
1610 167 1651 218 ‚·
1674 141 1915 221 erquod
1942 143 2079 205 anni
2110 153 2291 208 tietu-

429 247 576 302 pore
599 227 959 286 subleventur
980 265 1000 297 ,
1043 225 1309 298 pabulum
1338 227 1523 282 secari
1552 243 1669 284 non
1696 243 1877 300 posse.
1918 227 2297 288 Necessario

434 311 724 383 dispersos
763 307 958 364 hostes
979 322 1050 361 ex
1088 303 1351 360 aedificiis
1373 317 1607 378 petere:
1642 305 1745 362 hos
1770 323 1968 364 omnes
1996 306 2291 382 quotidie

433 388 508 449 ab
556 389 840 462 equitibus
887 385 1068 442 deleri
1113 401 1295 458 posse.
1340 382 1627 444 Proeterea
1647 423 1667 456 ,
1696 389 1900 442 salutis
1928 384 2145 458 causa,
2178 390 2282 445 rei

429 468 738 524 familiaris
788 464 1092 522 commoda
1121 466 1480 538 negligenda.
1530 465 1709 524 Vicus
1733 505 1753 536 ,
1780 477 1957 541 atque
2010 465 2279 526 aedificia

435 547 666 603 incendi
702 559 974 620 oportere
997 545 1108 600 hoc
1125 545 1317 616 spatio
1350 546 1407 588 ¹⁷
1438 562 1475 600 a
1498 544 1637 619 Boja
1654 559 2120 620 quoquoversus,
2146 564 2283 622 quo

429 627 737 700 pabulandi
767 642 936 680 causa.
963 624 1126 680 adire
1158 639 1322 696 posse
1352 625 1673 681 rideantur.
1708 626 1930 682 Harum
1968 625 2113 700 ipsis
2156 643 2285 684 re-

332 696 336 708 *
426 723 558 766 rum
582 706 808 778 copiam
838 716 1140 776 suppetere
1164 741 1184 774 ,
1213 703 1364 778 quod
1383 743 1404 775 ,
1430 707 1672 778 quorum
1716 705 1781 760 in
1806 703 2015 764 finibus
2042 703 2281 766 benum

427 797 700 860 geratur,
739 799 936 844 eorum
965 784 1167 856 opibus
1207 785 1589 844 subleventur.
1634 784 1927 842 Romanos
1962 798 2063 841 aut
2112 786 2273 843 ino-

425 865 586 938 piam
631 881 743 920 non
763 867 1005 934 laturos,
1024 875 1121 922 aut
1151 879 1363 938 magno
1383 880 1513 922 cum
1542 864 1795 938 periculo
1822 865 2049 940 longius
2080 882 2115 922 a
2144 883 2272 924 ca-

422 946 566 1002 stris
599 961 1012 1019 progressuros,
1045 941 1249 1016 Neque
1268 943 1565 1015 interesse,
1584 944 1739 1016 ipsos
1768 961 1841 1000 ne
1870 941 2267 1022 interficiant,

425 1024 933 1098 impedimentisve
969 1035 1180 1078 exuant
1201 1063 1221 1092 ,
1262 1023 1464 1096 quibus
1490 1024 1716 1084 amissis
1746 1023 1955 1082 bellum
1982 1025 2109 1100 geri
2140 1043 2267 1084 non

426 1106 628 1178 possit.
663 1101 948 1160 Praete'rea
989 1102 1200 1176 oppida
1231 1102 1460 1162 incendi
1492 1113 1785 1176 oportere,
1814 1121 1933 1178 quae
1954 1121 2070 1161 non
2112 1123 2262 1166 mn-

418 1185 646 1243 nitione
667 1225 686 1256 ,
714 1197 776 1240 et
805 1183 922 1240 loci
965 1196 1171 1238 natura
1209 1183 1282 1238 ab
1311 1183 1468 1240 omni
1500 1183 1615 1239 sint
1650 1184 1903 1256 periculo
1946 1196 2070 1240 tuta
2092 1225 2113 1257 ,
2144 1204 2259 1246 neu

417 1265 538 1322 suis
560 1266 680 1320 sint
707 1263 782 1318 ad
803 1263 1239 1328 detrectandam
1270 1261 1545 1318 militiam
1570 1268 1949 1338 receptacula,
1976 1281 2086 1322 neu
2118 1265 2259 1324 Ro·-

417 1339 604 1401 manis
636 1346 930 1418 proposita
965 1345 1039 1400 ad
1069 1343 1301 1416 copiam¹
1328 1355 1699 1416 commeatus,
1733 1344 2091 1419 predamque
2124 1349 2251 1403 tol-

416 1425 664 1482 lendam.
718 1425 853 1478 Haec
890 1425 940 1480 si
971 1423 1212 1498 gravia,
1265 1435 1363 1480 aut
1414 1423 1625 1479 acerbe
1663 1423 2013 1500 videantur,
2060 1429 2251 1486 multo

414 1502 517 1560 illa
547 1505 780 1576 gravius
807 1502 1142 1568 existimare
1170 1502 1379 1558 debere
1400 1543 1421 1572 ,
1447 1501 1659 1564 liberos
1679 1543 1700 1576 ,
1722 1502 1989 1579 conjuges
2016 1505 2084 1564 in
2111 1521 2251 1564 ser-

415 1583 664 1644 vitutem
715 1584 1014 1652 abstrahi,
1047 1585 1198 1654 ipsos
1238 1581 1523 1653 interfici,
1552 1600 1673 1656 quae
1710 1584 1789 1640 sit
1812 1601 2039 1644 necesse
2080 1588 2252 1642 acci-
2432 1575 2434 1592 '

302 1671 372 1733 13
416 1661 555 1718 dere
589 1664 778 1718 victis.
822 1659 1148 1734 „Omnium
1186 1679 1460 1720 consensu
1502 1665 1610 1717 hac
1654 1664 1944 1720 sententia
1984 1663 2247 1738 probata,

415 1759 527 1799 uno
564 1742 661 1800 die
687 1744 928 1815 nmpssus
967 1759 1060 1802 xx.
1105 1742 1269 1802 urbes
1312 1742 1637 1816 Biturigum
1678 1742 2079 1800 incenduntur.
2114 1745 2245 1804 Hoc

409 1822 568 1878 idem
599 1820 667 1878 fit
695 1825 756 1878 in
789 1823 1024 1896 reliquis
1064 1820 1419 1878 civitatibus.
1451 1823 1517 1892 In
1550 1822 1809 1878 omnibus
1854 1823 2109 1895 partibus
2137 1825 2243 1880 in-

409 1903 616 1959 cendia
655 1902 1126 1976 conspiciuntur3
1172 1919 1293 1976 quae
1324 1902 1437 1957 etsi
1486 1917 1696 1977 magno
1738 1919 1867 1957 cum
1917 1904 2119 1961 dolore
2160 1922 2242 1961 o-

364 2019 375 2028 „
407 1996 570 2038 mnes
599 1981 896 2052 ferebant,
916 1995 1106 2037 tamen
1141 1982 1251 2040 hoc
1270 1981 1379 2038 sibi
1410 1983 1607 2038 solatii
1641 1982 2062 2056 proponebant,
2088 1985 2240 2058 quod

409 2078 472 2116 se
495 2078 670 2134 prope
711 2064 1008 2134 explorata
1041 2061 1290 2116 victoria
1331 2062 1604 2117 celeriter
1626 2063 1837 2120 amissa
1869 2078 2237 2136 recuperatu-

408 2157 510 2198 ros
528 2139 908 2198 confidebant.
935 2139 1307 2197 Deliberatur
1326 2142 1399 2196 de
1418 2139 1671 2196 Avarico
1694 2143 1755 2196 in
1778 2144 2066 2198 communi
2088 2159 2231 2200 con-

407 2222 548 2298 cilio
567 2262 588 2295 ,
617 2214 844 2278 incendi
879 2225 1129 2294 placeret
1152 2261 1172 2293 ,
1219 2237 1295 2276 an
1344 2220 1595 2276 defendi.
1632 2219 2018 2280 Procumbunt
2051 2221 2261 2282 Gallis·

407 2303 669 2358 omnibus
713 2304 786 2356 ad
829 2302 997 2375 pedes
1037 2301 1372 2375 Bituriges,
1419 2303 1461 2334 “
1476 2317 1547 2356 ne
1583 2301 2024 2374 pulcherrimam
2062 2321 2233 2374 prope

408 2384 588 2438 totius
637 2379 844 2437 Gauiae
895 2379 1089 2438 urbem
1114 2421 1132 2451 ‚
1171 2399 1290 2454 quae
1332 2393 1393 2436 et
1448 2381 1757 2453 praesidio,
1790 2394 1851 2437 et
1892 2398 2233 2440 ornamento

403 2462 484 2519 sit
513 2463 746 2521 civitati
770 2503 789 2533 ,
833 2463 946 2517 suis
971 2461 1232 2516 manibus
1256 2462 1601 2516 succendere
1636 2474 1978 2533 cogerentur
2000 2503 2023 2534 ,
2063 2463 2231 2519 facile
2302 2455 2313 2464 ’

399 2558 465 2598 se
511 2543 626 2598 loci
678 2557 882 2598 natura
905 2541 1235 2598 defensuros
1276 2542 1479 2596 dicunt
1501 2579 1521 2610 ,
1550 2542 1703 2613 quod
1738 2557 1913 2614 prope
1940 2558 2011 2596 ex
2040 2543 2227 2598 omni-

398 2621 506 2677 bus
536 2622 790 2695 partibus
817 2619 1051 2676 flumine
1073 2662 1092 2690 ,
1131 2635 1190 2674 et
1223 2620 1425 2694 palude
1464 2621 1821 2676 circumdata
1850 2660 1869 2692 ,
1910 2639 2081 2676 unum
2114 2624 2223 2678 hn-

397 2701 533 2757 beat
562 2741 582 2774 ,
632 2716 690 2756 et
743 2712 1144 2774 perangustum
1197 2701 1438 2756 aditum.
1486 2698 1679 2756 Datur
1734 2701 2057 2773 petentibus
2116 2720 2221 2758 ve·-

374 2784 496 2838 'nia
537 2821 558 2852 ,
617 2781 954 2854 disuadente
1029 2781 1216 2851 primo
1299 2777 1785 2853 Vercingetorige
1811 2817 1833 2852 ,
1894 2795 2022 2852 post
2075 2797 2223 2837 con-

395 2863 635 2918 cedente
691 2873 778 2916 et*
814 2860 1072 2932 precibus
1133 2861 1387 2931 ipsorum
1406 2899 1428 2931 ,
1484 2862 1545 2916 et'
1598 2859 1995 2916 misericordia
2044 2863 2215 2936 vulgi.
2419 2887 2424 2944 4

283 2927 358 2986 ¹⁶
396 2940 742 3000 Defensores
769 2940 966 2998 idonei
996 2939 1210 3013 oppido
1236 2939 1585 3016 deliguntur.
1618 2939 2069 3016 Vercingetorix
2100 2943 2217 2997 mi-

462 3164 530 3212 17
591 3161 641 3202 A
688 3157 808 3215 Boja
858 3169 1227 3214 quoquoversus.
1256 3153 1279 3208 >
1343 3149 1454 3202 ἀπὸ
1498 3152 1595 3212 τῆς
1626 3153 1781 3210 Bata-‘3
1807 3188 1823 3211 ‚
1850 3152 2063 3204 Caesaris
2098 3152 2209 3202 stilo

335 3221 341 3226 “
396 3221 556 3264 Locus
599 3217 779 3267 dubius
805 3252 820 3276 ‚
854 3227 906 3264 et
955 3230 1138 3264 nomeu
1187 3231 1281 3264 su-
1344 3217 1555 3280 propius
1575 3233 1607 3268 a
1626 3220 1767 3278 Bojis
1788 3227 1939 3268 esset.

392 3288 626 3346 spectum
646 3315 662 3340 ,
683 3284 888 3338 Graecus
917 3288 1092 3330 tamen
1114 3280 1279 3330 etiam

1083 3455 1108 3466 Q
