2459 3834
465 65 568 167 78
1007 83 1122 138 nr
1159 84 1405 143 Βειιο
1456 81 1785 140 ωιῑηοο

465 171 624 224 ‘timae
647 183 719 224 ex
747 166 842 240 liis
870 163 1200 242 regionibus
1231 167 1575 227 nominatim
1604 167 1977 238 evocatis,⁸0
2010 168 2070 226 in
2091 166 2311 231 Sotia-

465 250 614 304 tium
645 247 784 304 fines
813 249 1129 304 exercitum
1162 247 1506 308 introduxit.
1558 243 1735 320 Cujus
1775 250 2025 304 adventu
2054 258 2306 327 cognito

463 327 720 386 Sotiates
746 367 768 400 ,
797 330 1018 402 magnis
1047 330 1235 400 copiis
1258 330 1477 388 coactis
1497 367 1517 398 ,
1545 329 1946 402 equitatuque,
1974 347 2089 404 quo
2117 337 2305 401 pluri·

461 425 621 465 mum
653 395 954 479 valebant,
977 409 1036 462 in
1059 409 1271 467 itinere
1298 425 1501 485 agmen
1522 419 1779 462 nostrum
1800 410 2017 479 adorti,
2048 415 2301 482 primum

461 505 728 564 equestre
759 490 1010 560 praelium
1035 493 1465 548 commiserunt:
1492 485 1721 557 deinde,
1750 491 2011 561 equitatu
2034 509 2137 547 suo
2171 501 2301 566 pul-

461 585 549 641 so,
571 585 742 643 atque
763 569 1190 642 insequentibus
1231 572 1441 628 nostris
1463 607 1483 639 ‚
1516 567 1705 622 subito
1738 571 2029 640 pedestres
2072 577 2297 647 copias,

465 666 606 724 quas
623 650 686 705 in
707 652 967 704 convalle
993 649 1053 704 in
1075 651 1304 706 insidiis
1326 654 1749 707 collocaverant
1767 688 1786 718 ‚
1804 652 2203 708 ostenderunt.
2220 655 2299 710 Hi

463 744 692 786 nostros
719 729 987 804 disjectos
1007 730 1220 804 adorti,
1236 733 1487 805 praelium
1510 745 1945 783 renovaverunt.
1973 727 2298 804 Pugnatum

463 822 554 865 est
583 811 704 882 diu,
725 823 898 884 atque
925 811 1164 882 acriter,
1193 830 1321 866 cum
1344 811 1597 866 Sotiates
1620 809 2003 880 superiorzbus
2026 815 2300 872 vtctoriis

461 887 626 961 freti,
647 891 705 945 in
727 907 825 945 sua
855 891 1074 946 virtute
1105 894 1284 948 totius
1314 889 1641 965 Aquitania
1660 893 1900 946 salutem
1924 893 2175 960 positam
2203 911 2295 966 pu·

462 981 700 1043 tarent3
733 972 914 1026 nostri
935 983 1127 1025 autem
1150 1012 1169 1044 ,
1193 971 1331 1046 quid
1352 973 1477 1026 sine
1500 969 1877 1044 Imperatore,
1909 983 1969 1025 et
1998 972 2123 1027 sine
2152 976 2297 1030 reli-

461 1051 592 1125 quis
624 1050 967 1125 legionibus,
997 1054 1419 1107 adolescentulo
1438 1051 1603 1118 duce,
1620 1047 1852 1104 efficere
1884 1065 2135 1123 possent,
2164 1071 2299 1125 per·

369 1169 378 1176 -
462 1131 613 1204 spici
643 1143 936 1203 cuperent.
964 1129 1226 1186 Tandem
1262 1131 1514 1188 confecti
1546 1131 1871 1184 vulneribus
1904 1131 2096 1187 hostes
2132 1145 2297 1208 terga

463 1224 714 1266 vertere.
753 1210 1011 1285 Quorum
1051 1229 1258 1285 magno
1288 1228 1523 1268 numero
1563 1209 1871 1266 interfecto
1903 1249 1923 1280 ‚
1957 1208 2201 1268 Crassus
2224 1232 2295 1272 ex

461 1289 676 1347 itinere
708 1294 762 1326 ²¹
812 1291 1083 1364 oppidum
1118 1291 1429 1350 Sotiatium
1460 1306 1789 1364 oppugnare
1828 1291 2025 1362 coepit.
2068 1289 2293 1367 Quibus

461 1369 698 1428 fortiter
730 1371 1127 1431 resistentibus
1159 1413 1176 1444 ‚
1211 1371 1441 1441 vineas,
1474 1385 1767 1442 turresque
1808 1371 1945 1444 egit.
1976 1370 2099 1442 1111,
2142 1375 2289 1430 alias

460 1453 766 1524 eruptione
799 1465 1054 1524 tentata,
1084 1453 1228 1508 alias
1256 1453 1532 1508 cuniculis
1558 1450 1631 1504 ad
1660 1465 1951 1524 aggerem,
1979 1451 2290 1528 vineasque

461 1531 612 1588 netis
634 1572 652 1603 ,
675 1529 829 1604 cujus
863 1533 946 1586 rei
977 1546 1108 1587 sunt
1141 1536 1306 1610 longe
1341 1530 1677 1604 peritissimi
1700 1529 2019 1601 Aquitani,
2050 1547 2288 1606 propte·

462 1627 563 1666 rea
593 1612 745 1685 quod
787 1611 982 1665 multis
1021 1611 1164 1666 locis
1193 1613 1345 1684 apud
1386 1627 1482 1666 eos
1524 1613 1581 1644 2²
1614 1611 1825 1663 aerariae
1868 1621 2103 1665 secturae
2138 1627 2291 1686 sunt3

462 1691 592 1762 ubi,
617 1690 923 1765 diligentia
952 1705 1276 1746 nostrorum
1308 1731 1325 1758 ‚
1352 1691 1505 1745 nihil
1548 1689 1639 1744 his
1684 1689 1846 1744 rebus
1878 1688 2078 1761 profici
2124 1709 2288 1764 posse

460 1771 868 1828 intellexerunt
889 1811 909 1842 ,
933 1774 1152 1844 legatos
1180 1773 1253 1826 ad
1284 1757 1555 1826 Crassum
1596 1769 1868 1838 mittunt,
1896 1785 2071 1842 seque
2096 1772 2157 1826 in
2186 1775 2295 1829 de·-

461 1853 746 1907 diti'onem
785 1864 847 1907 ut
877 1853 1163 1924 recipiat,
1201 1865 1423 1924 petunt.
1474 1849 1604 1924 Qua
1648 1865 1708 1903 re
1752 1849 2093 1922 impetrata,
2124 1869 2287 1910 arma

465 1932 698 1987 tradere
723 1928 856 2006 jussi
881 1972 900 2002 ,
919 1931 1156 1986 faciunt.
1181 1933 1373 2004 Atque
1400 1927 1462 1985 in
1502 1947 1570 1986 ea
1592 1945 1653 1985 re
1674 1930 1929 1984 bmnium
1959 1944 2288 1988 nostrorum

465 2009 708 2067 intentis
737 2012 944 2066 animis
964 2050 985 2082 ‚
1015 2013 1128 2066 alia
1159 2030 1228 2068 ex
1262 2024 1426 2086 parte
1453 2009 1653 2082 oppidi
1676 2009 2119 2066 Adcantuaunus
2140 2053 2163 2082 ,
2187 2014 2287 2087 >qui

465 2107 747 2149 summam
777 2091 1012 2166 imperii
1037 2093 1288 2170 tenebat,
1312 2094 1372 2136 ²³
1400 2107 1529 2147 cum
1558 2089 1843 2146 sexcentis
1860 2089 2091 2169 devotis
2110 2131 2133 2166 ‚
2152 2110 2291 2168 quos

462 2305 564 2344 non
585 2297 728 2342 erant
745 2287 980 2340 finitimae
992 2293 1344 2347 Romanorum
1404 2289 1663 2351 praecipua
1700 2285 1805 2346 ejus
1835 2293 2028 2336 tractus
2062 2287 2183 2341 urbs
2213 2298 2292 2340 est

463 2355 774 2418 provinciae,
802 2355 962 2403 sedin
993 2356 1101 2416 ipsa
1135 2355 1344 2414 provin·
1405 2357 1521 2401 Aire
1544 2353 1609 2400 ad
1627 2355 1869 2400 Atturum
1892 2351 2125 2399 fluvium.

461 2421 563 2469 cia.
595 2422 764 2470 Caesar
795 2418 885 2466 lib.
921 2430 966 2466 1.
1006 2431 1118 2478 cap.
1143 2419 1189 2464 6.
1219 2416 1343 2467 seet.
1472 2427 1539 2464 22
1574 2418 1786 2462 AErariae
1808 2416 2045 2468 sectura.)
2068 2416 2291 2475 Quidam

465 2493 554 2532 ιο.
599 2499 698 2542 quae
744 2482 1118 2538 (Tolosatium)
1161 2485 1340 2528 civitas·
1400 2483 1676 2526 stricturaet
1697 2477 1789 2526 alii
1816 2487 2107 2526 structuraex
2138 2479 2295 2527 ciac-

462 2558 542 2595 est
565 2550 614 2594 in
640 2549 900 2604 provincia.
929 2545 1101 2593 Narbo
1141 2553 1335 2602 autem,

459 2611 677 2670 antiqua
709 2609 921 2656 colonia.

522 2685 591 2722 20
615 2681 638 2719 I
639 2690 668 2718 n
681 2675 936 2720 Sotiatium
951 2671 1119 2722 fines.)
1133 2667 1347 2719 Sotiates

459 2737 516 2785 in
540 2745 698 2784 veter.
722 2734 980 2782 codicibus
1004 2737 1137 2780 male
1162 2739 1348 2782 sontia-

459 2811 539 2848 tes
575 2797 745 2847 editis·
789 2797 1080 2856 Aquitauiae
1111 2799 1350 2856 Populus.

457 2863 590 2910 Ptin.
607 2875 683 2910 lv.
706 2869 788 2916 19.
810 2865 972 2918 Ausci,
999 2866 1251 2918 Elusates,
1262 2869 1353 2909 So·

457 2929 614 2974 tiates
638 2959 653 2982 ‚
691 2927 938 2982 duplicata
973 2927 1132 2972 litera.
1174 2923 1343 2970 Athe-

385 3014 396 3032 1
461 3001 604 3036 naeus
631 2989 720 3036 lib.
741 3000 819 3035 v1.
850 2999 966 3048 pag.
983 2996 1100 3046 149.
1124 2996 1343 3042 (ζωτικ-

460 3056 544 3102 rol
575 3049 712 3110 ἔθνος
748 3047 922 3098 τοῦτο
951 3046 1218 3098 κελτικὸν.

500 3143 508 3149 -
519 3125 589 3162 21
624 3117 852 3174 Oppidum
863 3116 1162 3166 sotiatiumz)
1174 3112 1346 3162 Medio

457 3190 574 3226 aevo
605 3185 917 3235 memoratur
940 3177 1014 3224 ibi
1040 3180 1241 3235 sotium,
1258 3188 1345 3224 seu

459 3243 598 3288 socia
619 3275 634 3294 ,
657 3241 792 3302 quod
829 3251 894 3288 au
939 3241 1210 3302 antiquum
1242 3237 1345 3296 ejus

458 3303 642 3363 oppidi
674 3301 836 3353 fuerit
855 3337 872 3363 ‚
899 3303 1350 3354 neminum-Nune

1402 2541 1513 2590 coni
1522 2554 1576 2588 us
1592 2541 1863 2588 delendam
1880 2553 2061 2588 vocem
2077 2542 2289 2592 dubiam

1404 2613 1573 2654 censet
1596 2636 1610 2664 ‚
1634 2612 1689 2651 ut
1726 2607 1912 2651 aerariae
1936 2603 2167 2652 absoiute
2201 2607 2290 2653 di-

1410 2678 1606 2726 eantur,
1634 2667 1763 2714 sicut
1785 2669 2017 2719 ferraria
2034 2702 2049 2724 ‚
2078 2665 2165 2714 lib.
2185 2680 2290 2719 vn.

1411 2743 1521 2790 cap.
1544 2738 1625 2777 10.
1648 2738 1765 2778 sect.
1795 2741 1878 2776 22.
1890 2731 1983 2776 Sed
2009 2729 2079 2776 sic
2102 2731 2293 2778 obscu-

1414 2794 1547 2841 rabit
1570 2795 1815 2854 glossema
1830 2823 1845 2851 ‚
1866 2805 1967 2838 non
1993 2792 2293 2852 explicabit.

1413 2858 1559 2916 Quod
1578 2867 1779 2904 sectura
1800 2854 2021 2914 plurium
2038 2855 2295 2908 librorum

1404 2929 1519 2968 sunt
1538 2955 1552 2977 ‚
1581 2931 1681 2966 non
1702 2928 1985 2977 mutamuS,
2043 2918 2131 2970 sed
2165 2919 2293 2968 fodi·

1406 2995 1496 3030 nas
1536 2981 1961 3041 interpretamur,
2002 2984 2293 3041 praesertim

1408 3059 1526 3094 eum
1551 3059 1651 3094 vox
1674 3045 2055 3102 cuniculorum,
2090 3045 2145 3094 id
2192 3055 2293 3108 est3

1408 3118 1673 3158 meatuum
1692 3107 2135 3166 subtexi-aneorum
2154 3145 2169 3168 ‚
2198 3124 2293 3169 po-

1410 3175 1540 3226 stula
1548 3185 1600 3221 re
1620 3171 1876 3220 videatur·

1474 3241 1537 3296 23‘
1568 3241 1682 3283 Cum
1710 3241 1809 3284 Dc.
1824 3231 2029 3292 devotis,
2050 3250 2166 3293 quos
2182 3240 2293 3284 Sal-

1404 3300 1613 3358 dunas.)
1632 3299 1841 3359 Devoti,
1860 3297 1949 3359 qui
1972 3309 2027 3348 se
2061 3309 2158 3358 pro
2184 3294 2292 3348 ali-
