2459 3834
903 141 955 196 ι,
977 145 1008 196 1
1039 141 1092 194 u
1119 141 1165 193 Ε
1199 141 1254 194 a
1335 143 1503 196 vm.
1948 145 2106 228 247

483 279 514 304 0

921 293 1311 361 CAPUT
1371 301 1447 358 X.

227 453 540 519 Caninius
563 463 818 539 equites,
843 463 1186 538 peditesque
1215 461 1279 516 in
1318 461 1567 520 boetium
1598 473 1796 520 castra
1816 467 2097 538 praemit-

220 541 340 596 tit:
375 543 718 600 vehemens
731 543 998 618 praelium
1021 542 1416 598 committitur.
1439 543 1677 617 Drapes
1708 549 1955 619 capitur.
1981 548 2097 606 Ca·

225 663 238 672 .
301 621 528 680 ninius
597 625 678 680 ad
731 623 1071 682 obsidendos
1127 617 1453 694 oppidanos?
1500 625 1871 700 revertitur,
1908 645 2015 704 quo

785 705 964 765 etiam
995 699 1066 760 C.
1096 699 1325 760 Fabius
1370 703 1560 760 venit.
1904 745 1909 750 -

291 795 470 922 Re
541 862 691 920 bene
749 875 961 939 gesta,
1015 859 1296 920 Caninius-
1342 877 1413 917 ex
1472 862 1723 934 captivis
1778 868 2087 940 comperit,
2128 866 2211 939 36

203 953 462 1010 partem
522 945 822 1014 copiarum
875 959 1007 1002 cum
1065 941 1323 1012 Drapete
1370 957 1491 996 esse
1538 941 1603 995 in
1654 945 1859 1000 eastris
1910 949 2089 1010 millia,

203 1016 329 1081 bus,
349 1025 768 1096 nontamplius
798 1042 848 1078 x.
881 1021 1012 1097 Qua
1047 1037 1106 1076 re
1135 1037 1204 1076 ex
1236 1021 1619 1092 compluribus
1650 1025 1883 1096 cognita
1906 1065 1924 1095 ,
1956 1044 2089 1086 cum

203 1097 608 1176 intelligeret
634 1145 652 1172 ,
684 1103 880 1181 fugato
907 1103 1052 1158 duce
1081 1103 1267 1155 altero
1289 1139 1307 1170 ‚
1342 1102 1677 1173 perterritos
1708 1103 1957 1176 reliquos
1988 1106 2101 1162 fa-.

204 1177 331 1233 cile
394 1183 671 1254 opprimi
724 1199 928 1256 posse,
975 1197 1190 1254 magnae
1234 1179 1534 1234 felicitatis
1585 1197 1707 1236 esse
1755 1183 2086 1242 arbitraba·

206 1267 311 1315 tur
339 1299 362 1330 ‚
398 1263 706 1320 neminem
728 1279 799 1318 ex
847 1261 998 1318 caede
1033 1259 1304 1331 refugisse
1334 1261 1394 1313 in
1442 1272 1633 1314 castra
1656 1300 1674 1330 ,
1706 1263 1804 1334 qui
1854 1264 1929 1318 de
1968 1281 2082 1320 ac·-

205 1339 400 1410 cepta
439 1343 786 1398 calamitate
836 1341 1094 1396 nuntium
1113 1337 1359 1410 Drapeti
1396 1337 1695 1410 perferret.
1744 1339 1851 1396 Sed
1882 1382 1900 1412 ,
1949 1359 2081 1402 cum

206 1414 275 1470 in
351 1421 732 1492 experiundo
793 1421 1104 1493 periculum
1171 1421 1385 1472 nullum
1446 1417 1707 1489 videret,
1758 1422 2080 1493 equitatum

212 1511 476 1555 omnem
511 1541 531 1572 ,
584 1499 1016 1575 Germanosque
1076 1497 1296 1574 pedites
1342 1506 1579 1552 summae
1620 1501 1953 1557 velocitatis
2001 1521 2083 1559 0-

213 1582 396 1634 mnes
444 1583 524 1636 ad
557 1593 747 1636 castra
781 1579 1028 1636 hostium
1063 1578 1363 1652 praemittit
1388 1616 1405 1646 ,
1438 1577 1559 1649 ipse
1590 1579 1873 1651 legionem
1907 1599 2078 1639 unam

215 1653 281 1709 in
333 1661 508 1714 trina
541 1673 728 1716 castra
763 1659 1082 1732 distribuit,
1112 1659 1353 1712 alteram
1380 1674 1569 1713 secum
1602 1660 1930 1730 expeditam
1961 1663 2079 1716 du-

216 1735 333 1792 cit.
393 1737 553 1796 Cum
607 1741 835 1817 propius
881 1739 1102 1795 hostem
1145 1737 1521 1807 accersisset,
1570 1738 1642 1790 ab
1693 1742 2095 1810 exploratori-.

220 1812 335 1872 bus
371 1859 394 1890 ,
451 1837 592 1894 quos
641 1819 992 1890 praemiserat
1032 1857 1052 1888 ,
1093 1818 1389 1891 cognoscit
1433 1855 1452 1885 ,
1506 1831 1697 1872 castra
1737 1833 1973 1888 eorum,
2012 1833 2081 1877 ut

221 1889 622 1956 barbarorum
673 1899 786 1955 fert
836 1897 1226 1968 cousuetudo,
1275 1895 1495 1950 relictis
1548 1899 1689 1952 locis
1748 1899 2081 1971 superiori-

129 2041 138 2048 ἢ
223 1971 361 2046 δικ,
396 1981 469 2034 ad
509 1975 661 2049 ripas
701 1977 952 2034 fluminis
982 1993 1101 2032 esse
1130 1976 1406 2046 demissa3
1436 1988 1496 2030 at
1528 1973 1871 2046 Germanos,
1900 1981 2081 2052 equi-

231 2060 448 2130 tesque
472 2059 924 2130 imprudentibus
945 2055 1205 2111 omnibus
1229 2055 1301 2110 de
1322 2056 1636 2126 improviso
1664 2059 1983 2127 advolasse,
2012 2071 2079 2117 et

229 2140 505 2206 praelium
538 2139 904 2196 commisisse.
938 2133 1068 2209 Qua
1118 2153 1180 2190 re
1209 2136 1446 2208 cognita
1469 2174 1489 2205 ,
1530 2136 1839 2208 legionem,
1868 2155 2075 2193 arma-

233 2214 392 2288 tam,
419 2219 903 2290 instrumentaque
924 2215 1176 2273 adducit.
1199 2213 1291 2270 Ita
1312 2217 1547 2285 repente
1566 2215 1829 2270 omnibus
1850 2233 1921 2271 ex
1946 2209 2078 2289 par-

239 2294 405 2360 tibus
435 2299 599 2372 signo
629 2299 768 2352 dato
801 2337 819 2367 ,
868 2299 994 2350 loca
1043 2293 1337 2366 superiora
1386 2293 1707 2364 capiuntur.
1750 2293 1923 2368 'Quod
1978 2297 2075 2353 ubi

237 2378 468 2432 accidit
493 2418 511 2446 ,
552 2367 830 2434 Germani
863 2375 1084 2449 equites
1105 2379 1136 2442 ,'
1166 2373 1345 2444 signis
1377 2373 1619 2446 legionis
1660 2374 1802 2429 visis
1828 2415 1846 2445 ,
1888 2375 2079 2431 vehe-

240 2455 605 2512 mentissime
651 2457 994 2528 praeliantur.
1049 2451 1373 2509 Confestim
1418 2469 1613 2508 omnes
1662 2454 1931 2510 cohortes
1972 2473 2078 2512 uu·

246 2527 429 2609 dique
481 2529 758 2609 impetum
799 2535 1019 2590 faciunt
1045 2573 1062 2600 ,
1112 2529 1373 2588 omnibus
1416 2545 1513 2587 aut
1560 2533 1922 2606 interfectis,
1970 2548 2074 2592 aut

241 2613 469 2688 captis,
501 2625 704 2692 magna
739 2613 920 2687 praeda
954 2613 1266 2686 potiuntur.
1294 2609 1541 2684 Capitur
1574 2613 1696 2684 ipse
1726 2615 1783 2668 in
1814 2631 1883 2668 eo
1916 2627 2067 2688 prae-
2110 2636 2189 2699 37

239 2689 327 2750 lio
377 2693 617 2763 DrapeS.
668 2693 989 2763 Caninius,
1037 2689 1370 2747 felicissime
1420 2708 1482 2745 re
1535 2705 1727 2765 gesta,
1777 2694 1901 2748 sine
1952 2699 2069 2752 ullo

243 2785 392 2842 pene
441 2775 646 2832 militis
695 2777 969 2842 vulnere,
1019 2771 1088 2828 ad
1138 2769 1480 2829 obsidendos
1528 2773 1843 2844 oppidanos
1876 2789 2074 2828 rever-

242 2851 389 2908 titur
408 2893 428 2924 ,
475 2863 826 2926 externoque
860 2851 1023 2908 hoste
1051 2851 1284 2920 deleto,
1335 2853 1391 2884 ²¹
1448 2849 1603 2924 cujus
1625 2852 1811 2907 timor
1840 2853 2075 2910 divide-

242 2945 310 2986 re
357 2933 616 3004 praesidia
643 2975 662 3005 ,
709 2945 772 2988 et
812 2931 1128 2986 munitione
1167 2929 1488 3002 oppidanos
1526 2931 1885 2986 circumdare
1929 2949 2073 3008 pro-

245 3007 460 3071 hibitus
487 3027 614 3071 erat
634 3052 657 3087 ,
697 3029 871 3088 opera
900 3011 1148 3086 undique
1193 3011 1445 3083 imperat
1486 3009 1903 3067 administrari.
1935 3013 2072 3072 Ve-

311 3091 328 3116 Ι

307 3246 371 3284 21
437 3240 588 3296 Cujus
661 3239 830 3286 timore
905 3235 1120 3284 dividere
1185 3240 1327 3289 etus,
1362 3231 1621 3295 Gryphii,
1658 3233 1765 3284 alii.
1808 3211 1931 3287 ‘Post
1978 3247 2077 3288 ex·

241 3302 516 3355 fra-sidia.)
545 3303 718 3350 Plures
743 3301 812 3348 lta
838 3298 1012 3358 scripti
1036 3311 1126 3346 co-
1185 3309 1383 3358 cusum,
1400 3300 1538 3362 cujus
1566 3301 1737 3348 timore
1754 3315 2076 3364 auger-epm-

247 3357 575 3413 dioestetiam
597 3363 726 3414 editi
755 3371 970 3424 veteres,
984 3365 1121 3411 ven·
1168 3356 1326 3412 vidia.
1672 3369 1734 3392 Ν
1908 3387 1913 3391 -
1946 3373 1982 3382 ··
