2459 3834
882 107 1371 166 FRAGMENTA.
1877 83 2029 184 603

153 198 301 275 qui
322 191 756 271 'elegantissime
778 229 797 264 ,
826 207 931 246 nec
960 192 1019 247 id
1058 193 1240 248 solum
1267 185 1584 246 domestica
1603 187 2032 260 cousuetudine,

172 293 267 334 ut
308 278 535 334 dudum·
552 276 625 330 de
646 273 945 328 Laeliorum
966 310 985 344 ,
1006 285 1066 326 et
1094 270 1492 328 Domitiorum
1529 269 1771 324 familiis
1819 267 2032 330 audie-

178 359 448 427 bamus,
474 355 591 412 sed‘
612 367 949 427 quamquam
998 350 1061 405 id
1080 367 1314 424 quoque
1351 347 1525 404 credo
1563 345 1738 404 fuisse
1763 385 1783 417 ,
1813 359 2032 421 tamen,

176 451 264 492 ut
296 447 455 492 esset
486 431 743 506 perfecta
772 432 875 485 illa
902 429 1047 486 bene
1071 428 1341 503 loquendi
1369 430 1518 483 salus
1544 466 1564 499 ,
1593 428 1790 485 multis
1819 427 2030 498 literis,

184 529 263 571 et
293 515 376 570 iis
406 513 635 588 quidem
658 508 968 567 reconditis
988 547 1010 582 ,
1027 519 1089 564 et
1116 507 1416 583 exquisitis
1436 522 1524 565 est
1544 518 1898 579 consecutus,
1916 519 2030 564 etc.
2121 536 2126 542 ·

192 593 325 651 Ex
355 592 480 651 Cic.
520 595 583 646 in
632 591 842 647 Bruto.
1757 610 1764 614 ·

308 671 448 728 ·Sed
476 687 643 744 perge
664 709 685 742 ,
728 667 1047 742 Pomponi,
1072 667 1150 724 'de
1164 663 1431 740 Caesare,
1477 678 1539 724 et
1565 667 1740 723 redde
1770 684 1889 741 quae
1936 681 2033 721 re-

200 765 400 809 stant.
426 750 616 806 Solum
644 749 873 822 quidem
892 786 913 819 ,
940 748 1129 822 inquit
1152 749 1252 802 ille
1274 785 1296 818 ,
1325 748 1385 802 et
1412 749 1574 820 quasi
1602 739 2034 810 fundamentum

200 829 489 886 Orator-is
506 869 527 900 ,
572 841 687 884 etc.
729 825 917 884 Caesar
964 839 1155 904 autem
1204 827 1489 882 rationem
1519 826 1796 882 adhibens
1817 865 1836 897 ,
1884 842 2036 882 con...

210 909 581 966 suetudinem
608 906 879 964 vitiosam
898 918 1013 976 ,et
1039 919 1370 979 corruptam
1410 921 1550 978 pura
1586 946 1608 980 ‚
1657 918 1716 961 et
1761 906 2035 962 incorru-

217 1003 331 1062 pta
357 986 761 1044 consuetudine
795 986 1081 1042 emendat.
1108 985 1312 1059 Itaque
1337 1001 1467 1041 eum
1495 985 1568 1040 ad
1611 985 1757 1040 hanc
1797 986 2037 1057 elegan-

204 1069 363 1122 tiam
411 1067 712 1122 verborum
762 1066 1071 1122 latinorum
1089 1103 1112 1136 ,
1158 1081 1280 1138 quae
1298 1101 1319 1136 ,
1365 1065 1594 1120 etiamsi
1637 1061 1852 1131 Orator
1921 1079 2042 1119 non

203 1148 291 1203 sis
317 1186 341 1220 ,
365 1159 427 1202 et
475 1146 557 1202 sis
605 1145 879 1219 ingenuus
923 1141 1071 1200 civis
1118 1144 1448 1216 Romanus,
1494 1157 1688 1201 tamen
1719 1143 2040 1200 necessaria·

204 1239 305 1282 est
328 1264 349 1297 ,
369 1224 644 1300 adjungit!
675 1227 775 1280 ille
804 1224 1063 1280 oratoria
1102 1237 1440 1280 ornamenta
1467 1223 1742 1294 dicendi,
1779 1235 1905 1277 tum
1934 1223 2042 1286 vi·-x

170 1305 427 1360 ,dentur
464 1316 743 1378 tanquam
791 1303 1012 1359 tabulas·
1055 1301 1199 1358 bene
1249 1302 1434 1375 pictas
1461 1306 1744 1360 collocare
1772 1301 1834 1357 in
1886 1302 2037 1360 bono

208 1385 449 1439 lumine.
478 1383 643 1438 Hanc
696 1397 823 1438 cum
874 1381 1083 1438 habeat
1132 1375 1472 1456 pra'eci'puam
1511 1382 1738 1438 laudem
1784 1381 1848 1436 in
1878 1399 2038 1438 com-

212 1463 513 1534 munibus,
582 1478 697 1518 non
740 1461 912 1518 video
934 1500 955 1533 ,
994 1461 1087 1516 cui
1126 1461 1334 1516 debeat
1393 1460 1634 1518 cedere:
1676 1460 2036 1534 splendidam

214 1541 520 1616 quamdam
549 1579 569 1611 ,
616 1541 963 1615 minimeque
1008 1542 1421 1602 veteratoriam
1470 1542 1754 1596 rationem
1803 1539 2038 1596 dicendi

214 1633 383 1677 tenet
402 1660 423 1693 ,
482 1622 667 1692 voce,
696 1633 855 1676 motu
876 1659 895 1690 ,
942 1618 1131 1675 forma
1182 1621 1361 1676 etiam
1390 1619 1696 1694 magnifica
1714 1659 1737 1691 ,
1775 1632 1836 1674 et
1865 1637 2040 1692 gene-

216 1717 349 1758 rosa
375 1701 811 1774 quodammodo.
856 1699 1005 1755 Tum
1034 1699 1278 1756 Brutus:
1311 1696 1622 1756 Orationes
1642 1698 1870 1773 quidem
1897 1697 2036 1772 ejus,

218 1792 333 1834 etc.
375 1791 548 1852 atque
596 1780 775 1836 etiam
821 1776 1284 1834 Commentarios
1333 1779 1606 1852 quosdam
1648 1777 1884 1850 scripsit
1932 1795 2038 1832 re-

220 1875 349 1913 rum
377 1873 601 1913 suarum
624 1899 641 1932 ‚
678 1857 848 1914 valde
875 1859 1156 1932 quidem,
1177 1859 1410 1932 inquam
1429 1897 1452 1932 ,
1494 1856 1852 1930 probandos:
1897 1857 2037 1914 nudi

219 1937 373 1992 enim
420 1949 593 2009 sunt,
646 1938 838 2009 recti,
881 1938 1256 2008 et,venusti,
1306 1937 1464 1993 omni
1505 1948 1712 1993 ornatu
1754 1935 2037 1994 orationis

220 2027 487 2089 tanquam
526 2032 684 2076 veste
726 2017 1029 2079 detracto:
1075 2017 1175 2072 sed
1216 2017 1350 2073 dum
1391 2018 1578 2095 yoluit
1619 2018 1765 2073 alios
1803 2015 2038 2089 habere,

222 2107 421 2168 parata
458 2098 604 2151 unde
644 2101 973 2172 sumerent,
1010 2097 1108 2169 qui
1158 2099 1374 2152 vellent
1417 2097 1669 2152 scribere
1710 2093 2043 2168 historiam,

222 2176 431 2246 ineptis
470 2188 696 2248 gratum
738 2174 981 2230 fortasse
1020 2174 1163 2228 fecit
1184 2211 1205 2244 ,
1243 2173 1339 2246 qui
1378 2177 1578 2229 volunt
1605 2175 1767 2229 illam
1796 2176 2038 2229 calami-

222 2253 355 2308 stris
382 2254 611 2308 inurere
634 2294 653 2326 ,
690 2264 857 2312 sanos
883 2251 1111 2326 quidem
1142 2251 1404 2307 homines
1432 2268 1469 2306 a
1499 2251 1803 2307 scribendo
1829 2252 2038 2310 deter-

222 2332 336 2388 ruit
355 2370 377 2403 ,
407 2344 521 2388 etc.
552 2327 660 2389 Ex
702 2329 827 2389 Cic.
860 2332 922 2386 in
952 2329 1163 2386 Bruto.
1841 2369 1846 2372 -
2107 2377 2112 2382 .

334 2409 488 2484 Quid
528 2402 887 2482 oratorum?
928 2426 1094 2484 quem
1124 2408 1274 2464 {mic
1312 2420 1624 2484 antepones
1660 2424 1857 2468 eorum
1878 2449 1898 2481 ‚
1933 2411 2034 2484 qui

223 2489 363 2544 nihil
389 2489 545 2548 aliud
572 2487 858 2567 egerunt?
886 2489 1015 2563 quis
1042 2489 1348 2548 sententiis
1375 2503 1474 2546 aut
1503 2489 1750 2562 acutior,
1777 2501 1877 2546 aut
1905 2507 2036 2547 cre-

226 2567 421 2625 brior?
471 2570 595 2644 quis
642 2571 832 2626 verbis
882 2581 981 2625 aut
1022 2569 1281 2624 ornatior
1305 2607 1327 2641 ,
1373 2581 1475 2626 aut·
1513 2566 1881 2646 elegantior?
1921 2569 2054 2628 Ex*

230 2644 345 2704 Cic.
373 2647 451 2704 ad
476 2648 641 2707 Corn.
674 2650 901 2721 Nepot.
942 2648 1098 2720 apud
1112 2645 1286 2705 Suet.
1315 2649 1376 2704 in
1405 2646 1556 2706 Caes.

260 2744 264 2754 ¹
332 2723 443 2783 Sed
468 2728 612 2784 bene
642 2729 905 2804 loquendi
936 2728 1006 2782 de
1034 2724 1260 2783 Catulis
1287 2719 1486 2801 o'pinio
1515 2743 1628 2784 non
1656 2725 1850 2784 minor
1867 2760 1894 2801 ,·
1929 2745 2034 2786 sa·-

226 2813 277 2865 le
300 2823 433 2864 vero
458 2811 722 2866 conditus
742 2845 765 2878 ,
784 2820 845 2864 et
872 2807 1103 2864 facetiis
1127 2803 1318 2864 Caesar
1339 2807 1498 2862 'vicit
1523 2823 1742 2865 omnes.
1771 2807 1882 2865 Ex
1906 2806 2030 2866 Cic.

230 2886 353 2946 libr.
387 2903 438 2942 1.
474 2887 546 2945 de
583 2885 756 2960 Offit.
1498 2896 1504 2901 “

334 2963 563 3044 Reliqui
629 2981 689 3022 et
732 2982 918 3022 rerum
988 2979 1212 3024 suarum
1277 2962 1738 3024 Commentarios
1787 2965 2030 3038 Gallici,

234 3043 535 3120 civilisque
577 3045 714 3102 belli
742 3043 1073 3119 Pompeiani
1089 3060 1113 3122 ².-
1159 3061 1292 3100 nam
1331 3041 1750 3117 Alexandrini,
1795 3047 2032 3102 Africi-

238 3141 366 3197 que,
392 3139 453 3181 et
482 3126 875 3200 Hispaniensis
901 3125 1154 3182 incertus
1184 3137 1383 3181 auctor
1408 3137 1535 3182 est:
1577 3126 1680 3181 alii
1709 3125 1862 3180 enim
1892 3122 2030 3198 Op·-

239 3204 375 3276 pium
404 3217 603 3276 putant
626 3245 647 3276 ,
687 3205 788 3261 alii
817 3204 1113 3262 Hirtium:
1151 3204 1250 3277 qui
1279 3205 1457 3262 etiam
1484 3202 1702 3262 Gallici
1731 3204 1868 3260 belli
1896 3205 2030 3260 ino-

240 3282 509 3338 vissimum
530 3324 549 3355 ,
587 3279 1093 3358 imperfectumque
1148 3283 1354 3340 librum
1402 3285 1772 3358 suppleverit.
1819 3281 2028 3340 Paullo

238 3371 389 3436 post:
430 3357 595 3423 Polio
642 3363 875 3422 Asinius
902 3379 1102 3441 parum
1130 3364 1482 3442 diligenter,
1519 3379 1825 3441 parumque
1861 3362 2027 3421 inte-
