2459 3834
458 65 615 146 444
866 69 965 123 DE
1020 66 1262 123 But-o
1318 56 1870 125 unxnmamo

452 152 733 225 gebantur
750 190 772 223 ,
822 149 1051 205 adversi
1078 166 1151 205 ex
1179 150 1332 206 vallo
1371 160 1687 205 castrorum
1711 186 1731 219 ,
1757 146 1948 205 aversi
1977 150 2294 213 exssflumi·

454 246 528 287 ne
550 271 573 303 ,
612 232 672 286 in
720 246 832 305 quo
862 230 1050 285 multe
1080 244 1253 285 naves
1291 228 1583 285 instructa
1610 226 1996 288 funditoribus
2016 248 2125 305 ,ct
2176 250 2297 291 sa·-

337 316 411 375 31
456 310 716 385 gittariis
756 320 982 365 nostros
1023 308 1451 382 impugnabant.
1471 304 1664 369 caesar
1682 346 1703 379 ,
1728 325 1858 366 cum
1887 310 2110 369 videret
2151 314 2292 371 mi-

449 388 585 446 lites
613 390 801 447 acrius
834 388 1089 461 praeliare
1118 402 1234 443 non
1266 402 1429 459 posse
1459 426 1480 461 ,
1509 404 1616 447 nec
1645 400 1837 445 tamen
1862 394 2102 447 multum
2138 409 2289 467 pro-

446 465 550 527 fici
592 480 827 543 propter
896 470 1148 524 locorum
1208 463 1610 525 difficultatem
1638 485 1666 541 ς
1719 484 1848 525 eum
1896 471 2290 529 animadver-

446 560 602 605 teret
619 587 643 620 ,
681 547 1125 609 excelsissimum
1164 546 1354 605 locum
1393 560 1709 605 castrorum
1754 549 2014 607 relictum
2041 568 2164 607 esse
2196 552 2284 609 ab

449 623 853 684 Alexandrinis
872 665 893 698 ,
938 626 1090 700 quod
1117 637 1178 681 et
1228 642 1332 699 per
1381 642 1444 683 se
1473 628 1722 683 munitus
1750 640 1900 684 esset
1921 668 1941 701 ,
1985 643 2046 685 et
2075 631 2288 691 studio

446 707 665 781 partim
704 706 1032 782 pugnandi,
1064 704 1279 779 partlm
1321 706 1730 780 exspectandi,
1767 708 2148 767 decurrissent
2209 711 2282 771 in

446 800 578 859 euru
604 790 835 860 locum,
862 786 928 842 in
965 796 1079 861 quo
1124 784 1480 860 pugnabatur
1503 824 1525 860 ,
1572 786 1842 843 cohortes
1888 788 1992 847 illo
2039 790 2280 847 circui·-

446 883 515 924 re
571 878 802 939 castra,
848 877 910 921 et
958 881 1238 923 summum
1285 867 1474 923 locum
1513 865 1749 941 aggredi
1804 864 2014 943 jussit,
2065 870 2278 945 hisque

446 942 818 1005 Carfulenum
878 944 1134 1019 praefecit
1152 984 1174 1017 ,
1222 954 1286 1001 et
1336 945 1516 1007 animi
1563 946 1960 1020 magnitudine
1979 986 2001 1020 ,
2058 962 2121 1005 et
2183 952 2278 1011 rei

446 1027 721 1083 militaris
770 1025 1013 1083 scientia
1060 1026 1252 1081 virum
1301 1038 1686 1099 praestantem.
1733 1022 1866 1100 Quo
1913 1039 1975 1083 ut
2035 1042 2280 1088 ventum

446 1117 578 1179 est,
626 1107 819 1179 paucis
864 1104 1300 1163 defendentibus
1349 1104 1728 1163 munitionem
1747 1142 1769 1177 ,
1816 1107 2030 1163 nostris
2057 1122 2272 1167 contra

446 1186 730 1244 militibus
772 1184 1054 1241 acerrime
1085 1181 1490 1261 ,pugnantibus
1509 1223 1532 1257 ‚
1577 1184 1806 1241 diverso
1858 1188 2109 1257 clamore
2138 1227 2159 1260 ,
2203 1200 2271 1245 et

432 1266 647 1340 'praelio
702 1265 1000 1339 perterriti
1058 1262 1478 1336 Alexandrini,
1541 1265 1897 1337 trepidantes
1954 1265 2014 1323 in
2066 1284 2272 1329 omnes

446 1357 645 1420 partes
668 1346 988 1402 discurrere
1032 1358 1349 1418 coeperunt.
1397 1341 1655 1419 Quorum
1697 1342 2122 1417 perturbatione
2149 1364 2271 1404 no-

445 1437 699 1484 strorum
738 1425 917 1481 animi
946 1423 1088 1481 adeo
1114 1436 1247 1481 sunt
1287 1422 1570 1496 incitati,
1603 1436 1665 1481 ut
1691 1440 1831 1497 pene
1858 1426 2060 1483 eodem
2107 1439 2270 1497 tem-

446 1521 591 1579 pore
637 1522 710 1561 ex
761 1504 1020 1561 omnibus
1068 1502 1366 1577 partibus,
1416 1503 1590 1578 primi
1639 1515 1832 1559 tamen
1880 1505 2264 1565 editissimum

358 1572 381 1617 ⁹
447 1586 638 1641 locum
662 1596 977 1641 castrorum
1020 1594 1333 1657 caperent:
1365 1599 1435 1639 ex
1461 1598 1572 1657 quo
1599 1581 1963 1641 decurrentes
1999 1602 2266 1659 magnam

448 1661 875 1721 multitudinem
936 1663 1188 1720 hostium
1235 1663 1297 1719 in
1347 1662 1552 1719 castris
1619 1662 2045 1720 interfecerunt.
2091 1662 2268 1739 Quod

448 1746 763 1818 periculum
806 1743 1061 1817 plerique
1098 1740 1477 1817 Alexandrini
1505 1740 1792 1817 fugientes
1812 1782 1833 1815 ‚
1859 1742 2168 1799 acci-batim
2200 1762 2266 1807 se

448 1824 525 1879 de
564 1826 714 1880 vallo
759 1822 1258 1895 praecipitaverunt
1299 1822 1361 1877 in
1407 1838 1535 1879 eam
1575 1834 1839 1895 partem,
1877 1840 1995 1897 quat
2043 1821 2268 1881 flumini

395 1896 429 1920 ⁹
450 1915 579 1959 erat
606 1902 889 1977 adiuncta.
938 1902 1158 1958 Horum
1203 1901 1409 1974 primis
1439 1902 1512 1958 ³liu
1569 1901 1694 1975 ipsa
1737 1900 1890 1958 fossa
1935 1903 2267 1961 munitionis

448 1996 657 2055 magna
706 1980 767 2036 vi
798 1980 1119 2053 oppressis,
1150 1979 1346 2037 ceteri
1381 1980 1718 2041 ,faciliorem
1787 1980 1982 2055 fugam
2042 1982 2264 2041 habue-

449 2072 601 2118 runt.
662 2056 905 2117 Constat
946 2059 1158 2135 fugisse
1197 2078 1270 2119 ex
1307 2061 1516 2118 castris
1555 2060 1770 2135 Regem
1815 2058 1998 2133 ipsum
2019 2099 2041 2133 ,
2099 2078 2265 2121 rece-

449 2154 725 2219 ptumque
745 2140 805 2196 in
837 2156 1041 2196 navem
1060 2180 1079 2212 ‚
1108 2151 1171 2197 et
1216 2141 1585 2197 multitudine
1626 2156 1862 2211 eorum,
1903 2139 2001 2213 qui
2031 2140 2104 2198 ad
2134 2157 2266 2215 pro-

452 2222 637 2281 ximas
656 2237 829 2281 naves
848 2218 1201 2279 adnatabant
1222 2260 1246 2294 ‚
1273 2220 1532 2281 demerso
1552 2220 1788 2297 navigio
1805 2259 1827 2293 ‚
1853 2218 2112 2295 petiisse.

1068 2376 1456 2440 CAPUT
1552 2378 1633 2438 X.

448 2540 650 2603 Caesnr
676 2540 915 2601 Obtema
942 2538 1199 2601 victoria
1226 2537 1667 2599 Alexandriam
1689 2538 1851 2613 petit
1874 2580 1894 2611 ,
1937 2538 2032 2597 cm·
2050 2539 2274 2605 adven-

446 2624 610 2682 tanti
638 2623 910 2697 oppidani
932 2636 994 2679 se
1020 2621 1259 2677 dedunt.
1280 2619 1478 2679 Cesar
1501 2620 1798 2698 AEgypto,
1819 2630 1878 2675 et
1901 2618 2272 2677 Alexandria

479 2704 734 2781 potitus,
750 2702 1112 2781 Reges,quos
1126 2698 1470 2757 Ptolemaeus
1491 2701 1706 2757 vivens
1725 2699 2091 2771 decreverat,
2111 2714 2237 2755 con·

871 2780 1099 2839 stituit.
1128 2780 1279 2839 Inde
1305 2780 1369 2837 in
1391 2776 1445 2839 S
1434 2780 1629 2856 yriam
1649 2780 1880 2856 pergit.

527 2878 682 3005 Re
736 2942 1069 2999 felicissirne
1098 2980 1117 3013 ,
1162 2939 1576 3015 celerrimeque
1626 2950 1786 3013 gesta
1807 2976 1828 3010 ,
1875 2932 2065 2993 Coesar
2097 2972 2118 3007 ,
2158 2951 2276 2993 ma·

447 3042 569 3101 gnae
601 3023 860 3080 victoriae
904 3020 1113 3079 fiducia
1165 3019 1427 3099 proximo
1473 3018 1735 3075 terrestri
1787 3018 1994 3073 itinere
2020 3014 2275 3073 Alexan-

444 3106 632 3161 driam
679 3120 809 3159 cum
852 3102 1140 3175 equitibus
1180 3100 1528 3171 contendit,
1567 3113 1738 3172 atque
1777 3112 1846 3154 ea
1889 3110 2056 3168 parte
2083 3096 2272 3171 oppidi

444 3184 681 3241 introiit
706 3222 723 3252 ,
758 3198 877 3256 quae
920 3180 1244 3252 praesidium
1277 3179 1527 3235 hostium
1559 3180 1879 3235 tenebatur.
1913 3175 2123 3251 Neque
2163 3192 2272 3231 eum

346 3288 351 3296 ·
444 3264 752 3321 consilium
788 3276 953 3323 suum
986 3259 1242 3333 fefellit,
1291 3258 1430 3335 quin
1473 3259 1670 3317 hostes
1695 3298 1715 3332 ‚
1761 3274 1833 3317 eo
1883 3258 2084 3334 praelio
2123 3254 2278 3315 audi-
