2459 3834
433 120 472 201 3
492 104 578 181 16
915 128 1014 179 DE
1065 126 1306 180 nunno
1360 112 1755 183 umento

415 226 638 281 -quam,
673 206 814 282 quin
859 206 1267 279 dimicaretur,
1306 222 1342 261 a
1380 224 1547 263 mane
1595 226 1767 283 usque
1815 204 1888 261 ad
1930 205 2129 263 horam
2178 222 2239 262 x.

427 288 546 343 diei
579 288 970 360 perstiterunt.
1001 287 1243 361 Jamque
1273 285 1463 341 Caesar
1492 288 1627 343 dum
1656 288 1973 362 exercitum
2003 286 2246 340 reduce-

426 368 677 422 reintra
707 366 1054 421 munitiones
1081 383 1210 421 suas
1239 367 1529 439 caepisset,
1546 367 1741 425 subito
1765 366 2057 423 universus
2076 366 2247 437 equi·

427 446 863 501 tatusulterior
913 443 1293 501 Numidarum
1316 486 1337 517 ,
1367 437 1836 519 Gaetulorumque
1874 446 1999 502 sine
2047 443 2247 499 fraenis

423 526 500 579 ad
527 525 788 581 dextram
833 537 1058 595 partem
1092 542 1152 580 se
1194 542 1458 595 movere,
1484 526 1829 599 propiusque
1856 521 2098 579 Caesaris
2126 539 2243 577 ea·—

422 618 546 657 stra
568 643 589 675 ,
617 621 735 676 quae
784 616 954 658 erant.
977 604 1040 658 in
1079 607 1228 660 colle
1248 643 1269 675 ‚
1298 621 1359 659 se
1396 604 1661 661 conferre
1707 604 1907 677 coepit.
1938 601 2243 662 Fraenatus

357 744 363 749 ,
422 697 615 737 autem
655 682 896 737 Labieni
953 700 1122 757 eques
1165 684 1227 737 in
1276 686 1403 739 loco
1436 700 1829 756 permanere,
1868 683 2241 756 legionesque

421 760 738 817 distinere:
769 779 895 817 eum
919 763 1110 819 subito
1142 758 1200 807 ⁸⁵
1235 764 1681 835 parsequitatus
1709 760 1951 819 Caesaris
1983 778 2109 817 cum
2140 766 2241 815 le·-

419 839 484 895 vi
511 854 801 899 armatura
839 855 1041 897 contra
1079 839 1334 897 Gaetulos
1355 840 1573 915 injussu
1595 883 1615 914 ,
1648 858 1717 898 ac
1746 856 1965 898 temere
2006 840 2241 915 longius

418 923 706 993 progressi
735 960 754 990 ,
789 922 1159 996 paludemque
1207 922 1547 995 transgressi
1574 960 1595 993 ‚
1634 922 2061 977 multitudinem
2086 922 2240 996 pino-

419 1000 598 1055 s‘tium
633 1000 914 1057 sustinere
954 1002 1118 1075 pauci
1159 1016 1271 1057 non
1304 1012 1653 1073 potuerunt·,
1681 1002 1909 1074 levique
1938 1012 2244 1055 armatura

418 1077 636 1135 deserti
667 1095 780 1149 ‚ac
814 1081 956 1153 pulsi
985 1120 1004 1149 ,
1045 1080 1553 1153 convulneratique
1570 1118 1593 1150 ,
1621 1096 1731 1136 uno
1764 1080 1960 1153 equite
1996 1078 2237 1151 amisso,

415 1159 617 1213 multis
645 1158 804 1231 equis
846 1160 1095 1231 sauciis,
1131 1160 1276 1214 levis
1314 1172 1615 1214 armaturae
1666 1176 1820 1215 xxvi.
1862 1158 2105 1226 occisis,
2151 1159 2231 1214 ad

415 1231 546 1292 suos
598 1237 946 1311 refugerunt.
1001 1221 1132 1311 Quo
1189 1237 1437 1294 secundo
1493 1240 1747 1311 equestri
1810 1238 2005 1309 praelio
2056 1237 2243 1309 facto,

413 1314 610 1389 Scipio
642 1318 812 1373 *laetus
845 1318 906 1371 in
947 1332 1136 1373 castra
1185 1329 1357 1373 nocte
1403 1318 1608 1389 copias·
1648 1316 1895 1372 reduxit.
1950 1312 2011 1353 ⁸⁶
2056 1314 2239 1391 Quod.

412 1396 709 1467 proprium
739 1397 1009 1469 gaudium
1045 1394 1387 1453 bellantibus
1432 1394 1664 1453 fortuna
1695 1398 1946 1451 tribuere
1976 1412 2089 1451 non
2118 1396 2238 1452 de-

411 1476 634 1530 crevit:
664 1492 904 1548 namque
953 1490 1181 1547 postero
1217 1475 1314 1531 die
1352 1472 1543 1533 Caesar
1579 1492 1707 1531 cum
1743 1488 1907 1549 parte
1939 1476 2243 1551 equitatus

373 1548 390 1620 ,’
409 1554 501 1608 sui
529 1553 792 1626 Leptim,
814 1554 1084 1610 frumenti
1117 1555 1307 1629 gratia
1328 1592 1349 1625 ‚
1375 1554 1551 1610 misit.
1600 1556 1665 1610 In
1697 1556 1908 1611 itinere
1939 1554 2240 1627 praedato-

410 1648 504 1688 res
533 1634 754 1706 equites
803 1632 1086 1690 Numidas
1107 1672 1126 1703 ,
1155 1632 1520 1707 Gaetulosque
1561 1650 1632 1689 ex
1662 1635 1979 1707 improviso
2020 1634 2243 1707 adorti,

411 1713 652 1767 circiter
685 1730 736 1767 c.
764 1714 974 1786 partim
995 1714 1351 1783 occiderunt,
1371 1714 1582 1784 partim
1605 1712 1867 1769 vivorum
1890 1712 2061 1786 potiti
2078 1727 2237 1770 sunt.

412 1788 606 1847 Caesar
631 1793 869 1847 interim
898 1794 1156 1867 quotidie
1182 1792 1436 1866 legiones
1457 1793 1517 1847 in
1538 1808 1800 1867 campum
1822 1793 2120 1864 deducere,
2138 1806 2243 1849 at-

322 1870 325 1872 ’
377 1912 388 1919 .
413 1886 524 1941 que
563 1888 703 1943 opus
731 1872 943 1943 facere,
975 1875 1316 1944 vallumque,
1344 1884 1403 1926 et
1432 1872 1641 1927 fossam
1673 1890 1773 1946 per
1800 1873 2050 1927 medium
2077 1890 2266 1929 cam-.

409 1962 548 2019 pum
603 1950 811 2005 ducere
837 1990 856 2021 ,
890 1950 1463 2023 adversariorumque
1518 1947 1575 1994 ⁸⁷
1619 1952 2051 2011 excursionibus
2092 1952 2240 2009 offi-

407 2040 544 2081 cere
583 2044 695 2083 non
725 2029 1088 2086 intermittit.
1124 2026 1319 2102 Scipio
1360 2030 1501 2087 item
1532 2032 1876 2087 munitiones
1908 2044 2111 2088 contra
2134 2033 2240 2087 fa—

407 2118 543 2161 cere
565 2145 585 2177 ,
625 2120 800 2163 etue
839 2108 974 2182 jugo
1013 2126 1047 2165 a
1085 2106 1313 2163 Caesare
1342 2110 1779 2181 excluderetur,
1820 2127 2233 2185 approperare.

410 2182 507 2239 Ita
548 2187 718 2243 duces
743 2189 980 2261 utrique
1007 2203 1067 2243 et
1098 2189 1158 2243 in
1200 2188 1468 2260 operibus
1506 2190 1770 2262 occupati
1801 2204 1967 2245 erant
1986 2229 2007 2262 ‚
2034 2202 2095 2246 et
2126 2192 2237 2245 ni·-

409 2262 722 2402 hilguninus
773 2268 1132 2345 equestribus
1171 2268 1383 2341 praeliis
1420 2268 1583 2325 inter·
1620 2285 1683 2327 se
1723 2262 1985 2345 quotidie
2040 2270 2235 2343 dimi-

409 2358 486 2401 Ga
525 2359 646 2402 ant·
903 2374 910 2379 ·
1041 2367 1046 2373 ’

472 2542 552 2601 85,
575 2544 706 2587 Pars
729 2542 1042 2598 equitatus....
1063 2551 1287 2596 progres·
1349 2537 1514 2586 solens
1538 2543 1631 2587 est.
1654 2534 1763 2587 Seb.
1784 2532 2019 2597 Gryphio
2042 2536 2232 2597 visum,

403 2600 816 2663 ei.)synthesis‚
849 2601 1103 2648 historicis
1123 2613 1286 2663 aeque,
1351 2609 1409 2645 ut
1448 2604 1545 2648 iter
1589 2600 1685 2647 hoc
1728 2601 1839 2646 loco
1894 2609 2229 2659 expungeret.

399 2679 468 2715 ne
497 2665 656 2727 poetis
688 2672 847 2727 grata.
893 2660 1163 2713 Sallustius
1185 2669 1285 2723 Ju-
1348 2661 1689 2720 Glandorpius
1704 2664 1817 2709 vult
1831 2665 2071 2721 exemplo
2084 2664 2234 2710 Plau·

399 2728 576 2789 gurth.
599 2740 712 2787 cap.
731 2729 818 2776 60.
837 2742 1009 2789 magna
1025 2741 1152 2785 pars
1177 2741 1283 2775 con·
1350 2725 1459 2771 tino
1485 2726 1741 2773 illustrare
1768 2724 1968 2771 Trucul.
2005 2732 2105 2772 act.
2138 2735 2226 2773 11.

395 2795 821 2851 fecti-vulneribus
836 2826 850 2849 ‚
873 2796 1061 2847 abeunt.
1346 2792 1476 2835 extr.
1504 2796 1556 2835 te
1579 2790 1787 2840 officiam
1808 2802 1823 2835 t
1858 2786 1945 2835 sed
1966 2786 2085 2835 libri
2110 2785 2237 2837 inde

471 2856 537 2905 86
595 2856 728 2913 ,Quod
767 2857 1012 2913 proprium
1059 2855 1287 2916 gaudium
1351 2848 1415 2898 ab
1452 2850 1665 2909 Aldine,
1691 2862 1817 2912 quos
1852 2850 1979 2909 scio,
2003 2848 2236 2897 referunt

403 2916 750 2969 bellantibus.)
793 2918 1013 2975 scaliger
1048 2950 1063 2973 ‚
1111 2918 1292 2975 credo,
1349 2924 1525 2961 omnes
1544 2916 1797 2967 conficiam.
1824 2912 2028 2961 Passive
2056 2920 2235 2961 tamen

305 2992 312 2999 ·
402 2982 548 3029 uncis
588 2978 814 3039 primum
842 2986 1132 3040 suspectum
1167 2983 1285 3038 quod
1352 2976 1609 3024 Lucretius
1628 2990 1696 3025 11.
1717 2978 1977 3035 vers-¹55.
2000 2978 2234 3028 afficiun-

402 3042 628 3092 lnclusit.
1346 3047 1431 3085 tur
1478 3038 1650 3097 dixit,
1686 3045 1737 3087 et
1775 3036 1883 3097 ipse
1923 3036 2027 3087 Cic.
2071 3050 2111 3085 1.
2159 3036 2232 3084 de

471 3101 532 3165 ⁸⁷
588 3107 964 3153 Excursionibus
1031 3105 1280 3157 officere.)
1344 3104 1431 3149 Or.
1452 3114 1496 3148 c.
1516 3110 1599 3160 39.
1618 3102 1919 3154 afficeretur:
1942 3102 2058 3160 qu}
2081 3107 2236 3149 trau·

278 3168 284 3175 '
339 3186 343 3194 ·
401 3171 541 3216 Raro
561 3165 656 3214 hoc
675 3166 891 3214 verbum
910 3179 1028 3216 cum
1049 3178 1286 3215 accusan-
1347 3164 1517 3213 sitivae
1544 3164 1743 3213 notioni
1768 3162 2098 3215 subveniunt.

402 3230 460 3280 di
481 3241 599 3279 casu
626 3226 856 3287 junctum
875 3262 892 3288 ,
920 3230 1058 3291 quod
1076 3226 1168 3280 'ita
1192 3230 1282 3277 in-
