2459 3834
428 159 574 234 552
649 145 662 164 ‘
860 159 962 230 ΒΕ
1013 159 1263 214 ussto
1324 158 1810 219 msnnmnst

423 243 642 298 factum
665 239 805 298 licet
830 241 1332 314 necopinantibus
1366 243 1583 297 nostris
1602 254 1755 299 esset
1774 251 2038 318 gestum,
2064 249 2289 300 tamen

427 324 650 378 virtute
678 321 851 395 freti,
883 321 1138 394 repulsos
1157 361 1177 394 ,
1207 323 1519 398 multisque
1544 320 1881 402 *vnsneribus
1926 321 2192 383 affectos
2230 323 2293 367 ²⁷

419 402 640 476 oppido
671 409 1102 475 represserunt3
1135 401 1435 476 praedaque
1448 442 1469 476 ,
1488 401 1556 457 'et
1576 401 1755 460 armis
1784 419 1981 458 eorum
2005 411 2155 459 sunt
2180 419 2297 474 po-

425 481 564 553 titi,
589 481 854 556 virosque
886 482 1110 556 aliquos
1143 493 1419 554 ceperunt
1441 478 1465 557 ¹,
1485 483 1583 558 qui
1628 493 1859 557 postero
1888 495 2027 539 sunt
2066 483 2295 538 inter-

421 559 566 616 fecti
589 563 702 617 die.
735 560 1066 636 Eodemque
1096 572 1360 634 tempore
1389 561 1681 636 transfuga
1716 565 2017 618 nuntiavit
2046 579 2127 618 ex
2158 579 2291 634 op-

424 635 566 714 pido
595 680 617 712 ,
645 641 914 713 Junium,
938 642 1036 715 qui
1071 643 1130 694 in
1153 641 1420 696 cuniculo
1448 639 1653 700 fuisset
1674 682 1695 714 ,
1742 643 2106 718 jnguhtione
2158 659 2294 714 op-
2351 655 2363 669 ·

423 719 769 794 pidanorum
805 720 966 777 faeta
986 761 1007 793 ‚
1035 719 1352 793 clamasse,
1396 721 1667 791 „facinus
1716 717 1783 777 se'
1824 721 2145 780 nefandum
2168 762 2193 794 ,
2226 733 2293 778 et

423 803 607 856 sceius
637 800 879 856 fecisse:
909 815 1042 855 nam
1071 815 1168 857 eos
1199 797 1349 856 nihil
1380 803 1659 856 meruisse
1679 842 1698 873 ,
1722 816 1897 876 quare
1936 801 2053 856 tali
2096 817 2291 875 poena

423 877 793 936 afficerentur
813 920 834 953 ,
863 881 962 954 qui
986 896 1086 940 eos
1115 879 1188 936 ad
1218 889 1347 936 aras
1371 919 1390 952 ,
1410 892 1473 938 et
1512 877 1673 945 focos
1716 897 1851 940 suos
1880 882 2289 954 recepissent,

425 975 635 1034 eosque
669 961 986 1034 hospitium
1027 963 1245 1016 sceiere
1275 963 1731 1018 contaminasse:
1756 1001 1799 1034 „
1830 964 2015 1017 molta
2050 973 2291 1031 prete-

427 1049 590 1116 terea
619 1041 883 1096 dixisse:
915 1055 1026 1114 qua
1078 1041 1348 1097 oratione
1388 1040 1703 1098 deterritos
1742 1040 1989 1116 amplius
2030 1040 2289 1116 iugula,-

314 1125 388 1188 η
433 1120 650 1175 tionem
681 1138 794 1176 non
823 1117 1048 1175 fecisse.
1078 1119 1170 1176 Ita
1223 1133 1455 1192 postero
1494 1117 1591 1176 die
1614 1115 1841 1176 Tullius
1869 1117 2093 1195 legatus
2140 1135 2285 1176 eum

421 1195 654 1254 Catone
704 1197 984 1255 Lusitano
1014 1199 1177 1255 venit
1200 1240 1219 1270 ‚
1247 1211 1307 1255 et
1350 1199 1499 1271 apud
1546 1197 1835 1256 Caesarem
1882 1200 2064 1256 verba
2094 1198 2281 1256 feeit.

426 1277 714 1352 „Utinam
744 1279 978 1355 quidem
1007 1277 1114 1336 Dii
1143 1279 1506 1338 immortales
1536 1280 1813 1336 fecissent
1832 1319 1851 1351 ‚
1882 1293 1947 1336 ut
1990 1293 2131 1334 tuus
2168 1297 2275 1352 po-

423 1357 546 1416 tius
582 1361 747 1415 miles
769 1399 789 1430 ,
817 1375 988 1433 quam
1031 1357 1142 1415 Cn.
1175 1358 1433 1432 Pompeji
1456 1399 1477 1435 ,
1510 1357 1696 1416 faetus
1736 1375 1917 1420 essem
1948 1377 1971 1426 ς
2006 1371 2073 1413 et
2112 1358 2274 1428 hanc

419 1436 666 1497 ‘virtutis
695 1439 1083 1496 constantiam
1117 1439 1175 1494 in
1203 1451 1302 1494 tua
1333 1439 1585 1496 victoria
1607 1479 1627 1511 ,
1660 1457 1771 1496 non
1804 1437 2056 1494 in‘iliius
2088 1441 2272 1494 cala·-

425 1520 636 1574 mitate
667 1530 1016 1592 praestarem.
1067 1515 1239 1592 Cujus
1268 1518 1505 1574 funestae
1534 1515 1728 1574 landes
1758 1519 1971 1592 quippe
2003 1519 2080 1574 ad
2109 1519 2271 1580 hanc

424 1597 719 1655 fortunam
751 1599 1112 1670 reciderunt,
1141 1611 1202 1652 ut
1231 1597 1661 1656 cives'Romani
1686 1599 2017 1673 indigentes
2050 1601 2277 1672 praesi-

423 1677 554 1750 dii,
585 1691 821 1752 propter
854 1679 1052 1751 patriae
1083 1681 1401 1734 luctuosam
1460 1679 1779 1752 perniciem
1817 1679 2098 1733 dedamur
2150 1679 2279 1734 ho-
2310 1721 2319 1730 .

421 1759 600 1813 stium
632 1775 865 1813 numero
890 1777 910 1829 3
939 1759 1034 1832 qui
1079 1775 1261 1832 neque
1290 1759 1532 1814 ininius
1558 1771 1826 1834 prospera
1856 1759 1985 1814 scie
2012 1759 2274 1830 primani

421 1835 755 1910 fortunam,
789 1853 970 1912 neque
1013 1837 1074 1892 in
1115 1839 1359 1893 adversa
1410 1839 1718 1894 secundam
1747 1839 2109 1894 obtinuimus
2160 1841 2272 1894 vi-

409 1917 712 1973 ·ctoriam:
756 1918 853 1992 qui
901 1918 1190 1992 legionum
1242 1929 1331 1974 tot
1373 1918 1625 1990 impetus
1663 1929 2097 1989 sustentantes,
2146 1935 2279 1976 no-

420 1996 681 2066 cturnis,
729 1994 1063 2070 diurnisque
1094 1993 1362 2068 operibus
1392 1999 1711 2072 gladiorum
1745 1998 1892 2053 ictus
1914 2037 1935 2068 ,
1962 2002 2280 2055 telorum-

421 2090 532 2148 que
563 2075 763 2130 missus
804 2087 1238 2148 exspectantes,
1283 2077 1429 2133 victi
1452 2119 1471 2149 ‚
1511 2093 1573 2133 et
1613 2078 1829 2134 deserti
1878 2093 1913 2132 a
1962 2075 2272 2153 Pompejo,

420 2165 524 2210 tua
555 2155 774 2216 virtute
825 2155 1118 2228 superati,
1145 2159 1389 2212 salutem
1439 2173 1471 2212 a
1505 2159 1939 2213 tua.clementia
1981 2157 2277 2229 deposci-

423 2251 592 2308 ωας,
624 2237 1020 2310 petimusque,
1071 2251 1132 2292 ut
1159 2277 1176 2306 ,
1217 2237 1442 2310 qualem
1492 2234 1551 2293 t’e
1599 2237 1869 2312 gentibus
1908 2237 2267 2310 praestitisti,

401 2313 672 2370 'similem
705 2317 761 2368 in
803 2315 1018 2370 civium
1063 2315 1358 2372 deditione
1392 2319 1687 2386 praestes.“
1728 2315 1809 2372 Et
1838 2319 2069 2388 qualem
2096 2357 2116 2388 ,
2155 2319 2268 2392 ait,

421 2396 688 2468 gentibus
719 2411 811 2448 me
833 2397 1115 2466 praestiti,
1149 2397 1397 2451 similem
1432 2397 1489 2450 in
1512 2397 1729 2451 civium
1768 2395 2070 2452 deditione
2103 2415 2267 2470 prae-

309 2490 384 2549 18
425 2473 611 2531 stabo,
633 2473 910 2530 Remissis
939 2477 1166 2549 legatis,
1198 2491 1327 2530 cum
1364 2477 1436 2529 ad
1462 2488 1692 2550 portam
1714 2477 1965 2531 venisset
1984 2475 2268 2535 Tiberius

425 2551 691 2625 Tullius,
731 2570 862 2609 eum
911 2569 1039 2609 eum
1091 2553 1485 2611 introeuntem
1516 2553 1585 2610 C.
1618 2555 1909 2613 Antonius
1968 2554 2269 2614 insecutus

423 2649 538 2688 non
567 2628 838 2702 esset,·²8
861 2648 1124 2689 reversus
1151 2648 1240 2689 est
1270 2636 1345 2702 ed
1370 2649 1621 2707 portam,
1643 2645 1703 2692 'et
1727 2636 2017 2693 hominem
2050 2649 2267 2709 appre-

423 2712 647 2768 hendit.
701 2703 1185 2787 Quod¹Tiberius
1225 2731 1357 2770 cum
1398 2713 1524 2771 fieri
1579 2715 2042 2786 animadvertit,
2087 2716 2263 2774 simul

419 2804 484 2847 et
545 2794 852 2866 pugionem
902 2793 1138 2864 eduxit,
1187 2811 1417 2850 manum
1460 2795 1577 2870 ejus
1626 2794 1855 2852 incidit.
1902 2793 1996 2850 Ita
2026 2794 2265 2870 refuge·

419 2885 558 2926 runt
591 2872 662 2927 ad
701 2869 1006 2928 Caesarem.
1068 2873 1405 2950 Eodemque
1448 2885 1717 2946 tempore
1762 2873 2007 2948 signifer
2058 2875 2135 2931 de
2163 2881 2263 2932 le-

419 2952 591 3026 gione
629 2952 817 3026 prima
867 2951 1217 3028 transfugit,
1260 2967 1319 3012 et
1382 2955 1719 3028 nuntiavit,
1763 2963 1877 3030 quo
1926 2954 2023 3010 die
2070 2971 2262 3030 eque-

2404 2961 2407 2992 ἱ

485 3121 556 3169 2⁷
617 3113 795 3170 oppido
825 3121 1180 3169 represserunt.
1201 3113 1222 3166 )
1244 3117 1303 3162 In
1368 3114 1635 3163 Lusitanus
1669 3113 1987 3163 Antonium?
2014 3125 2139 3166 nam
2156 3115 2251 3163 τὶ·

423 3174 672 3233 oppidum
712 3189 726 3220 ε
771 3182 826 3222 ut
876 3173 1008 3222 illud
1050 3177 1297 3225 Maronis:
1366 3176 1537 3226 berius
1560 3178 1752 3226 Tullius
1790 3176 2162 3225 animadvertit
2193 3179 2248 3226 id

421 3243 474 3282 ιι
509 3241 680 3283 clamor
709 3241 836 3286 coelo.
1366 3240 1497 3288 fieri.
1547 3241 1657 3288 Nisi
1697 3249 1817 3300 ergo
1854 3238 2053 3299 aliquid
2088 3239 2247 3300 deest,
2404 3243 2406 3294 4

485 3301 560 3346 28·
617 3303 870 3344 Reversus
909 3301 974 3345 ad
1003 3311 1226 3366 portam,
1249 3311 1303 3350 et
1363 3303 1537 3354 omnia
1562 3301 1767 3364 confuse
1793 3309 1911 3352 sunt
1928 3302 2217 3365 proposita.

419 3360 677 3414 nominem.)
697 3359 844 3419 Quis?
861 3361 1054 3421 Quem?
1070 3367 1150 3418 Aa
1173 3366 1305 3418 cato
1869 3364 1873 3370 '
2002 3379 2007 3384 ·
