2459 3834
271 2883 350 2945 23

392 127 429 179 1
442 126 543 183 20
646 158 651 166 -
914 130 1018 185 ΒΕ
1068 134 1312 187 Bato
1372 115 1700 189 cunco
2189 198 2194 207 ‚

378 211 592 268 tendit.
628 210 840 270 Hostes
872 214 1157 290 paulisper
1187 216 1399 274 morati
1437 216 1688 276 militum
1727 216 2238 276 nostrorum-im·-

380 302 579 363 petum
614 309 724 350 non
753 298 1003 349 tulerunt
1026 310 1042 352 ε
1068 312 1302 371 seseque
1339 315 1411 356 ex
1439 296 1553 353 alia
1579 306 1746 371 parte
1774 300 1974 372 oppidi
2015 299 2236 374 ejece-

380 381 538 428 runt.
586 371 826 447 Magnus
856 375 937 429 ibi
989 392 1254 433 numerus
1285 394 1551 453 pecorum
1591 372 1855 451 repertus
1877 418 1900 455 ,
1932 381 2236 455 multique

380 448 444 508 in
476 450 629 529 fuga,
652 466 785 512 sunt
822 458 1264 530 comprehensi,
1291 470 1466 533 atque
1513 454 1838 516 interfecti.

1034 612 1382 697 CAPUT
1459 616 1583 677 xt

382 765 867 837 Cassivellaunus
902 776 983 835 ad
1004 772 1278 836 Ca'ntium
1307 778 1541 837 nuntios
1570 779 1766 837 mittit
1792 820 1814 855 ,
1842 778 2238 859 hortaturque

385 868 580 909 earum
610 860 909 937 regionum
933 875 1114 937 reges
1132 898 1153 931 ,
1190 869 1258 915 ut
1284 858 1524 917 navalia
1553 858 1808 919 Caesoris
1837 872 2040 918 castra
2067 862 2235 917 ado-

382 932 653 1007 riantur3
682 938 828 1015 quod
854 946 977 996 'cum
988 936 1302 1011 facerent,
1332 940 1638 1015 eruptione
1657 937 1833 1012 facta
1864 959 1900 997 α
1929 938 2236 1009 Caesa'ria-

384 1012 481 1069 nis
501 1053 521 1084 ,
550 1016 721 1074 multi
753 1036 831 1077 ex
861 1016 1124 1075 hostibus
1146 1016 1613 1091 interficiuntur,
1646 1030 1710 1077 et
1740 1018 2095 1101 Cingetorix
2123 1018 2236 1077 cce-'-

381 1092 571 1168 pitur.
600 1092 749 1155 Inde
779 1096 1258 1156 Cassivellaunus
1289 1100 1362 1159 de
1397 1100 1694 1158 deditione
1716 1094 1960 1178 legatos
1987 1100 2068 1156 ad
2091 1096 2232 1157 Cae·

426 1188 615 1232 sarem
635 1179 849 1235 mittit.
880 1179 949 1235 Is
968 1188 1195 1253 praeter
1217 1178 1444 1255 aliquas
1474 1180 1859 1253 conditiones,
1879 1179 2184 1238 obsidibus
2223 1202 2231 1207 ·

693 1260 953 1346 receptis
971 1298 995 1335 ‚
1022 1260 1348 1317 exercitum
1378 1260 1460 1317 ad
1484 1276 1645 1319 mare
1671 1260 1924 1320 reducit.
2227 1276 2236 1286 ·

1661 1350 1673 1377 f

470 1348 697 1479 Dum
724 1420 848 1477 haec
893 1419 955 1475 in
995 1416 1089 1477 his
1124 1419 1268 1477 iocis
1307 1432 1616 1497 geruntur,
1655 1418 2120 1481 Cassivellaunus
2147 1418 2230 1477 ad

381 1500 679 1575 Cantium,
702 1502 855 1574 quod
884 1517 1007 1557 esse
1032 1500 1106 1581 ad
1131 1517 1291 1557 mare
1319 1518 1491 1575 supra
1513 1503 2064 1573 demonstravimuS,
2084 1500 2232 1575 qui·

381 1586 487 1643 bus
505 1580 833 1657 regionibus
859 1598 939 1635 xv.
962 1596 1128 1655 reges
1168 1594 1450 1655 praeerant
1471 1622 1490 1655 ‚
1507 1580 1856 1659 Cingetorix
1875 1621 1896 1653 ‚
1915 1578 2238 1655 Carvilius,
2257 1618 2272 1639 ι

384 1664 792 1739 Taximagulus
822 1700 841 1731 ,
878 1658 1141 1736 Segouax
1168 1700 1188 1734 ,
1226 1654 1460 1719 nuntios
1510 1664 1737 1737 mittiv,
1767 1662 1942 1735 atque
1971 1662 2061 1718 his
2092 1662 2222 1717 im·-

380 1744 553 1823 p'erat
574 1784 593 1817 ,
617 1756 681 1799 ut
700 1782 721 1815 ,
746 1742 966 1798 coactis
986 1741 1252 1799 omnibus
1271 1744 1492 1818 copiis,
1520 1757 1710 1799 castra
1741 1742 1970 1800 navalia
1997 1740 2072 1797 de
2103 1743 2232 1797 im·-

388 1826 626 1903 proviso
650 1823 987 1881 adoriantur
1008 1861 1029 1897 ‚
1057 1834 1229 1897 atque
1267 1838 1618 1899 oppugnent.
1649 1822 1732 1880 Hi
1763 1838 1893 1879 cum
1921 1820 1995 1877 ad
2035 1834 2234 1879 castra

380 1907 676 1961 venissent
698 1944 718 1973 ,
746 1902 975 1973 nostri,
1013 1905 1318 1975 eruptione
1358 1903 1514 1961 facta
1535 1942 1556 1975 ‚
1583 1904 1783 1959 multis
1803 1918 2007 1961 eorum
2039 1902 2239 1958 inter·

382 1985 558 2049 fectis
576 2024 599 2058 ‚
626 1978 797 2057 capto
825 1984 1005 2038 etiam
1055 1982 1238 2041 nobili
1275 1982 1419 2039 duce
1448 1980 1830 2061 Cingetorige
1851 2022 1872 2054 ,
1899 1998 2030 2039 suos
2057 1983 2227 2040 inco·-

383 2067 566 2131 lumes
594 2066 956 2121 reduxerunt.
986 2056 1448 2121 Cassivellaunus
1478 2103 1501 2138 ‚
1540 2062 1652 2121 hoc
1689 2062 1885 2139 praelio
1933 2064 2226 2136 nuntiato,

382 2159 478 2203 tot
496 2144 864 2208 detrimentis
892 2142 1148 2219 acceptis
1167 2184 1187 2217 ‚
1216 2141 1721 2218 vastatisfin‘tbus,
1748 2142 2000 2199 maxime
2037 2144 2222 2199 etiam

382 2239 679 2303 permotus
706 2224 1031 2283 defectione
1071 2224 1414 2296 clvitatum,
1443 2226 1666 2301 legatos
1694 2242 1796 2298 per
1848 2222 2224 2281 Attrebatem

382 2304 655 2364 Comium
707 2307 779 2361 de
820 2304 1117 2361 deditione
1144 2306 1217 2360 ad
1260 2300 1547 2361 Caesarem
1585 2306 1797 2360 mittit.
1847 2302 2041 2358 Caesar
2089 2292 2225 2362 eum

381 2388 682 2451 statuisset
712 2385 959 2442 hiemem
982 2385 1046 2441 in
1065 2384 1425 2457 continente,
1455 2397 1689 2461 propter
1713 2382 2046 2457 repentinos
2067 2382 2231 2441 Gai-a

382 2463 479 2525 liae·
512 2482 729 2537 motus,
756 2482 959 2540 agere,
999 2482 1182 2539 neque
1222 2467 1465 2521 multum
1495 2464 1714 2521 aestatis
1741 2475 2103 2536 superesset·,
2132 2476 2229 2521 at-

382 2546 497 2621 q‘ue
537 2546 597 2605 id
628 2546 800 2602 facile
846 2545 1079 2604 extrahi
1114 2560 1277 2619 posse
1327 2546 1685 2619 intelligeret
1716 2564 1737 2617 ‚·
1765 2542 1996 2601 obsides
2025 2544 2227 2615 impe-

384 2640 521 2701 rat,
559 2640 621 2683 et
640 2666 662 2700 ,
691 2624 827 2701 quid
867 2626 931 2683 in
959 2641 1140 2681 annos
1188 2624 1443 2699 singulos
1483 2624 1790 2699 vectigalis
1841 2625 2052 2697 populo
2092 2624 2232 2681 Ro-

383 2722 558 2765 mano
589 2706 891 2763 Britannia
932 2700 1207 2781 penderet
1228 2744 1248 2775 ‚
1287 2705 1610 2762 constituit.
1661 2702 1973 2763 Interdicis
1995 2742 2014 2772 ‚
2046 2718 2230 2777 atque

386 2784 640 2861 imperat
676 2786 1110 2845 cassivellauno
1131 2824 1151 2858 ,
1182 2802 1255 2841 ne
1286 2782 1730 2857 Mandubratio‚
1758 2798 1875 2840 neu·
1898 2782 2232 2839 Trinoban-

394 2866 548 2926 tibus
593 2881 819 2926 noceat.
842 2864 1159 2931 ‘Obsidibus
1198 2866 1456 2941 acceptis
1475 2906 1496 2943 ,
1532 2867 1853 2933 exercitum
1896 2863 2121 2923 reducit
2151 2863 2234 2923 ad

394 2962 594 3023 mare,
629 2964 805 3011 naves
833 2946 1065 3011 invenit
1108 2945 1380 3005 refectas.
