2459 3834
886 114 1397 180 masmanna
1918 111 2065 208 585

233 221 362 289 est5
399 225 534 267 nam
564 208 637 266 ab
665 204 832 265 Anco
861 205 1098 264 Marcio
1139 220 1273 264 sunt
1306 206 1526 266 Marcii
1554 205 1789 285 Reges3
1824 227 1937 287 quo
1966 231 2075 270 no·-

235 293 386 350 mine
427 291 539 348 fnit
569 301 806 346 mater:
845 301 882 342 a
911 287 1148 344 Venere
1189 287 1337 360 Julii
1360 327 1379 359 ,
1418 288 1575 364 cujus
1618 292 1811 366 gentis
1841 293 2070 350 familia

233 387 318 429 est
343 370 698 430 nostra-Est
737 385 880 442 ergo
923 368 986 423 in
1029 384 1241 444 genere
1282 381 1345 424 et
1382 370 1669 427 sanctitas
1711 389 1941 447 regum,
1968 375 2069 448 qui

233 455 536 528 plurimum
581 451 738 508 inter
785 448 1051 506 homines
1105 451 1367 523 pollent,
1416 462 1477 506 et
1527 453 1871 509 caeremonia
1912 455 2069 511 deo-

229 551 350 592 rum
374 574 395 605 ,
441 545 682 608 quorum
739 530 854 603 ipsi
905 530 969 585 in
1023 541 1321 604 potestate
1346 543 1480 588 sunt
1528 549 1715 609 reges.
1747 532 1859 591 Ex
1886 531 2070 609 Suet,

230 633 294 671 m
345 612 622 752 (ς’ΐιᾴξῆς
662 685 1172 751 Μαρισαξγυναικὸς
1212 686 1566 752 ἀποθανούσης
1590 723 1607 753 ,
1642 690 1946 754 ἀδελφιδους
1990 688 2063 744 ὧν

226 761 410 816 αυτ-ῆς,
440 755 707 817 bricasard«
748 767 818 804 τε
845 751 1087 814 λαμπρον
1119 757 1178 802 ἑν
1218 753 1396 818 ἀγορᾷ
1426 753 1655 818 διῆλθεν,
1678 757 1769 805 καὶ
1802 759 1927 818 περὶ
1958 762 2061 814 τὴν

225 821 444 934 ἓιὲἰρέν
482 815 776 881 ὲτολμησεν
813 817 1032 868 sinevae
1070 815 1274 880 Μαρίου
1312 815 1599 878 προθέσθαι.
1648 827 1731 872 Ex
1766 825 1965 871 Plutar.
2010 825 2061 872 in

517 1005 628 1069 EX
677 999 1100 1069 ORATIONE
1153 1004 1315 1066 PRO
1356 1003 1751 1070 BITHYNIS.

341 1088 410 1149 C.
463 1089 654 1150 Caesar
707 1090 880 1149 Pont.
935 1088 1100 1160 Max.
1147 1090 1212 1146 in
1242 1091 1509 1149 oratione
1528 1131 1552 1165 ,
1608 1109 1780 1169 quam
1810 1108 1917 1167 pro
1945 1088 2061 1151 Bi·-

223 1171 428 1246 thynis
453 1173 607 1231 dixit
625 1213 647 1247 ‚
677 1171 790 1229 hoc
831 1171 1128 1246 principio
1169 1187 1301 1228 usus
1328 1183 1420 1229 est
1450 1189 1467 1229 ε
1516 1175 1610 1229 vel
1655 1190 1761 1248 pro
1790 1173 2057 1248 hospitio

218 1255 378 1329 tegis
425 1251 769 1311 Nicomedis
789 1291 812 1324 ,
842 1254 936 1308 vel
977 1268 1083 1324 pro
1123 1247 1331 1308 horum
1373 1254 1721 1311 necessitate
1750 1293 1772 1326 ‚
1819 1271 2061 1330 quorum

212 1351 313 1392 tes.
335 1333 532 1410 agitur
554 1366 575 1405 ·,
605 1333 868 1408 refugere
913 1331 1024 1390 hoc
1063 1345 1297 1404 munus,
1326 1327 1417 1386 M.
1447 1332 1650 1390 Vicini
1672 1373 1695 1406 ,
1726 1351 1839 1392 non
1872 1337 2062 1409 potui;

217 1431 350 1470 nam
390 1431 574 1490 neque
600 1414 898 1470 hominum
919 1421 1108 1470 morte
1138 1413 1423 1476 memoria
1452 1412 1637 1470 deleri
1665 1413 1838 1472 debet
1859 1453 1880 1486 ,
1912 1414 2059 1490 quin

213 1509 250 1550 s
282 1493 557 1568 proximis
601 1495 973 1565 retineam-3
1011 1507 1194 1566 neque
1235 1489 1480 1549 clientes
1528 1494 1657 1552 sine
1698 1511 1920 1552 summa
1952 1495 2059 1552 in-

213 1573 392 1636 famia
440 1575 630 1635 deseri
674 1585 909 1649 possunt
926 1607 952 1646 -,
990 1573 1193 1647 quibus
1242 1574 1425 1628 etiam
1468 1589 1506 1630 a
1541 1573 1879 1650 propinquis
1934 1593 2057 1632 no-

205 1655 348 1725 stris
395 1650 566 1730 opem
607 1653 762 1712 ferre
793 1652 1172 1713 instituimus.
1216 1651 1331 1710 Ex
1352 1650 1517 1710 Gen.
1550 1653 1687 1712 libr.
1716 1671 1769 1730 ς.
1792 1666 1921 1729 cap.
1954 1671 1980 1712 ι
1991 1675 2051 1731 3.

203 1735 314 1794 Ita
336 1735 595 1794 Fulvius
625 1735 882 1795 Ursinus·
911 1747 990 1793 ex
1015 1732 1161 1792 libra·
1189 1735 1576 1808 manuscripts·
1606 1746 1879 1809 corrupta
1900 1738 2051 1792 scri·-

248 1825 407 1874 tura.

198 1826 246 1888 p
326 1895 485 1970 Quid
514 1887 700 1972 ergo?
729 1888 1076 1971 syngraphae
1104 1908 1219 1951 non
1250 1902 1385 1952 sunt
1404 1935 1425 1968 ,
1452 1889 1555 1952 sed
1585 1909 1677 1953 res
1705 1893 1898 1955 aliena
1936 1903 2046 1953 est.

200 1973 317 2032 Ex
364 1976 538 2051 Julio
595 1974 912 2050 Rufiniano
962 1975 1036 2034 de
1064 1969 1307 2054 figuris.

379 2130 493 2196 EX
531 2129 954 2195 ORATIONE
1005 2132 1168 2192 PRO
1226 2129 1443 2192 'LEGE
1492 2134 1862 2194 PLAUTIA.

317 2217 534 2290 Reperi
565 2231 760 2273 tamen
793 2218 855 2272 in
883 2217 1150 2274 oratione
1181 2213 1254 2271 C.
1285 2213 1530 2271 Caesaris
1561 2256 1582 2287 ‚
1611 2235 1722 2291 qua
1745 2217 2038 2274 Plautiam

190 2294 559 2372 rogationem
588 2298 769 2356 suasit
797 2329 819 2370 -,
857 2295 1206 2352 necessitate
1253 2296 1475 2352 dictam
1504 2312 1609 2370 pro
1661 2299 2043 2354 necessitudi-

195 2394 272 2432 ne
293 2417 315 2448 ,
363 2378 439 2438 id>
455 2393 543 2435 est
570 2418 590 2449 ,
613 2378 738 2453 jure
767 2375 1094 2434 affinitatis.
1119 2365 1325 2430 ”Verba
1370 2376 1490 2432 haee
1544 2391 1676 2433 sunt
1708 2393 1722 2433 ε
1753 2377 2040 2454 Equidem

194 2458 349 2512 mihi
393 2459 596 2515 videor
645 2473 750 2531 pro
801 2467 1000 2514 nostra
1061 2455 1381 2512 necesitate
1406 2495 1427 2528 ,
1468 2472 1580 2514 non
1632 2457 1871 2532 labore,
1921 2477 2037 2515 non

192 2553 376 2610 opera
403 2579 424 2611 ‚
448 2556 558 2596 non
580 2539 866 2594 industria
895 2533 1165 2593 defuisse.
1195 2535 1307 2594 Ex
1336 2533 1494 2597 Gell.
1525 2534 1663 2595 libr.
1703 2555 1793 2614 13.
1826 2551 1954 2614 cap.
1980 2558 2037 2616 3.

187 2628 258 2674 et
289 2617 493 2676 Nonio
521 2620 584 2674 in
625 2636 766 2676 voce
796 2617 1155 2675 Necessitas.
1910 2639 1926 2647 Χ

351 2774 463 2836 ΕΧ
512 2771 932 2836 ORATIONE
976 2777 1066 2834 IN
1113 2771 1247 2834 CN.
1296 2767 1873 2836 DOLABELLAM.

307 2857 503 2934 Caesar
547 2860 612 2915 in
659 2859 1063 2917 Dolabellam:
1126 2858 1167 2900 ἢ*
1211 2858 1487 2916 Actionis
1528 2859 1843 2931 imbuisti,
1871 2877 2031 2934 quo-

179 2954 316 2995 rum
365 2941 427 2996 in
472 2936 683 2998 aedibus
713 2979 732 3010 ,
762 2938 1026 3014 fanisque
1075 2938 1269 3012 posita
1290 2979 1311 3010 ,
1346 2952 1407 2996 et
1454 2937 1667 2995 honori
1710 2955 1878 2996 erant
1902 2979 1925 3012 ,
1960 2953 2027 2997 et

175 3024 436 3078 ornatui.
480 3022 546 3077 In
595 3021 764 3076 libris
797 3037 1021 3096 quoque
1073 3019 1419 3093 Analogicis
1457 3020 1655 3076 omnia
1692 3020 2028 3078 istiusmodi

173 3100 310 3156 sine
331 3103 519 3172 prima
542 3101 718 3159 litera
735 3098 986 3158 dicenda
1005 3113 1224 3170 censet.
1249 3098 1359 3157 Ex
1383 3096 1545 3158 Gen.
1558 3098 1696 3157 libr.
1711 3116 1769 3174 4.
1784 3112 1907 3174 cup.
1930 3101 2025 3156 16.

171 3176 216 3216 ³*
258 3180 449 3237 Alias
477 3182 750 3239 Actionis
777 3182 1058 3238 allibuisti
1084 3221 1102 3251 ,
1126 3181 1237 3238 sed
1274 3180 1581 3238 emendata
1600 3179 1896 3254 Stephani
1916 3219 1936 3251 ,
1960 3190 2026 3236 et

164 3256 446 3317 Tor-nesii
477 3263 700 3322 editio:
727 3261 920 3323 caesar
951 3263 1012 3319 in
1033 3261 1405 3322 Dolabellam
1426 3259 1564 3319 Act.
1603 3277 1739 3319 111.
1769 3261 1863 3320 lbi
1896 3261 2021 3336 isti,

161 3354 413 3413 quorum
435 3381 456 3416 ,
494 3353 609 3402 etc.
