2459 3834
432 36 584 131 498
943 56 1043 107 nu
1073 52 1315 105 netto
1349 52 1733 106 AFRICANO
2120 94 2127 112 χ

432 156 540 212 que
575 146 803 209 paratos
829 150 1186 207 quaecumque
1219 135 1555 205 imperasset
1573 172 1594 203 ‚
1624 146 1685 187 et
1708 128 1913 189 libenti
1934 129 2125 186 animo
2143 128 2259 185 fa-

432 232 626 272 cturos
657 216 1036 286 pollicentur:
1071 226 1293 267 tantum
1324 229 1491 268 orare
1514 253 1533 282 ,
1563 224 1625 267 et
1658 226 1850 285 petere
1874 211 1941 264 ab
1967 227 2058 281 eo,
2080 224 2139 265 ut
2164 210 2265 265 si·-

384 307 391 314 ’
428 294 489 351 bi
518 294 837 366 presidium
866 293 1032 346 daret
1056 330 1073 360 ,
1096 308 1207 363 quo
1241 293 1418 346 tutius
1451 293 1507 346 id
1534 331 1556 363 ‚
1584 307 1641 347 et
1667 293 1793 346 sine
1818 291 2068 362 periculo
2096 290 2265 344 face-

429 391 493 429 te
519 384 787 445 possent;
816 388 877 425 se
903 386 963 425 ct
987 370 1333 425 frumentum
1356 410 1374 439 ,
1400 386 1457 430 at
1487 388 1846 445 quaecumque
1876 388 1965 423 res
1992 370 2077 423 eis
2103 386 2265 441 sup-

405 466 656 523 ‘peteret
675 492 695 523 ,
722 452 1040 505 communis
1069 450 1267 505 salutis
1298 452 1488 522 gratia
1518 451 2062 505 subministraturos.
2086 446 2265 520 Qui-

427 534 530 588 bus
570 532 732 586 rebus
763 528 932 597 facile
981 548 1016 583 a
1046 526 1236 583 Caesar
1273 531 1599 601 impetratis
1620 569 1639 599 ,
1686 528 2056 602 praesidioque
2083 529 2259 600 dato,

411 609 495 667 C.
519 609 786 664 Messium
809 610 1047 663 aedilitia
1077 607 1331 663 functum
1365 621 1650 681 potestate
1672 608 1919 662 Acillam
1938 607 2094 681 jubet
2119 624 2265 679 pto-

424 687 626 743 ficisci.
669 686 890 761 Quibus
933 688 1095 743 rebus
1141 688 1433 760 cognitis,
1464 685 1769 743 Considius
1810 686 2081 760 Longus,
2139 688 2255 761 qui

421 767 766 823 Adrumenti
799 784 926 823 cum
949 786 1014 821 11.
1053 768 1366 838 legionibus
1390 806 1407 836 ,
1435 781 1498 823 et
1528 768 1813 841 equitibus
1834 784 1955 821 nec.
1986 780 2266 839 praeerat,

423 848 692 902 celeriter
723 847 803 901 ibi
838 862 997 918 parte
1033 847 1277 917 praesidii
1310 848 1515 901 relicta
1536 886 1554 917 ‚
1582 862 1710 901 cum
1742 864 1871 899 vm.
1901 846 2259 902 cohortibus

422 926 671 982 Acillaun
706 927 789 981 ire
819 926 1136 981 contendit.
1173 924 1417 980 Messius
1447 926 1687 981 celerius
1720 926 1925 979 itinere
1958 924 2265 997 confecw,

428 1008 590 1078 prior
614 1007 862 1061 Aciliam
893 1022 1018 1059 cum
1049 999 1381 1060 cohortibus
1414 1006 1692 1077 pervenit.
1731 1002 2040 1059 Considius
2082 1005 2269 1059 inte-

425 1088 538 1140 rim
559 1127 577 1157 ,
607 1102 733 1140 cum
763 1084 834 1139 ad
869 1084 1062 1139 urbem
1093 1100 1219 1139 cum
1252 1085 1434 1157 copiis
1465 1085 1797 1139 accessisset
1819 1124 1840 1155 ‚
1871 1096 1930 1138 et
1971 1083 2265 1139 animad-

425 1164 696 1221 vertisset
717 1202 735 1233 ‚
770 1164 1086 1236 praesidium
1110 1160 1352 1219 Caesaris
1382 1162 1462 1219 ibi
1493 1180 1613 1220 esse
1632 1204 1652 1235 ,
1684 1180 1792 1219 non
1824 1178 1986 1217 ausus
2018 1164 2262 1234 pericu-

424 1244 482 1300 lo
512 1260 611 1299 suo
640 1260 761 1297 rem
795 1242 983 1298 facere
1003 1282 1020 1312 ‚
1067 1246 1220 1297 nulla
1250 1258 1311 1297 re
1340 1257 1499 1317 gesta
1525 1260 1625 1318 pro
1648 1243 2015 1299 multitudine
2040 1242 2254 1298 homi..

423 1340 591 1393 num,
622 1340 811 1377 rursus
843 1321 1217 1376 Adrumetum
1247 1322 1584 1395 serecipit3
1615 1322 1824 1377 deinde
1868 1321 2062 1394 paucis
2106 1336 2253 1392 post

421 1402 620 1457 diebus
640 1441 659 1473 ,
681 1401 1037 1474 equestribus
1076 1402 1263 1474 copiis
1289 1393 1324 1455 a
1344 1401 1595 1458 Labieno
1624 1400 1925 1473 adductis,
1947 1418 2139 1456 rursus
2159 1402 2255 1458 A·

423 1482 658 1543 cillanos
689 1481 896 1538 castris
938 1480 1141 1554 positis
1181 1481 1444 1537 obsidere
1473 1482 1670 1556 coepit.

1021 1636 1406 1697 CAPUT
1486 1639 1647 1699 XIV.

418 1797 484 1858 C.
521 1800 772 1871 Decius,
803 1798 1150 1856 adveniente
1203 1796 1543 1856 Cercinnam
1584 1797 1648 1857 0.
1684 1795 1963 1859 Sallustio
1987 1840 2006 1872 ,
2024 1797 2233 1879 fugit.

417 1877 703 1936 Allienus
733 1894 970 1953 magnas
1011 1878 1207 1950 copias
1257 1880 1335 1933 ad
1361 1876 1641 1937 Caesarem
1673 1882 1733 1948 in
1760 1876 2035 1951 Africam
2078 1879 2241 1934 mit-

417 1961 520 2018 tit.
562 1957 765 2028 Scipio
818 1958 953 2013 duos
993 1972 1068 2012 ex
1097 1953 1353 2013 Gaetulis
1382 1961 1573 2029 mittit
1633 1960 1698 2013 in
1745 1972 1940 2014 castra
1970 1957 2232 2019 Caesaris

651 2036 731 2091 ad
768 2034 1221 2109 speculandum3
1276 2037 1337 2091 bi
1376 2040 1649 2109 producti
1702 2036 1986 2097 Caesarem

1141 2115 1523 2191 alloquuntur.

299 2299 376 2359 34
497 2209 594 2331 P
594 2292 656 2331 er
686 2274 743 2331 id
777 2286 996 2347 tempus
1017 2272 1084 2330 C.
1108 2272 1403 2333 Sallustius
1422 2273 1682 2349 CrispuS,
1701 2293 1868 2349 quem
1898 2276 2091 2349 paucis
2121 2293 2235 2332 an..

416 2370 472 2413 te
494 2356 690 2411 diebus
714 2356 944 2411 missum
965 2373 998 2409 a
1020 2352 1244 2411 Caesare
1264 2372 1391 2411 cum
1413 2359 1590 2419 classe
1609 2357 2145 2429 demonstravimus,
2159 2353 2225 2401 ⁵⁸

410 2434 753 2491 Cer-cinnam
791 2436 1087 2507 pervenit:
1134 2435 1287 2507 cujus
1326 2435 1570 2491 adventu
1615 2434 1683 2491 C.
1716 2435 1929 2492 Decius
1976 2452 2236 2510 quaesto-

408 2516 528 2569 rius
551 2552 568 2583 ‚
599 2514 694 2585 qui
726 2515 961 2568 ibicum
997 2514 1198 2587 grandi
1243 2513 1476 2569 familiae
1516 2532 1626 2570 suae
1681 2517 1943 2587 praesidio
1986 2530 2233 2587 praeerat

408 2594 748 2651 commeatui
774 2631 791 2662 ,
816 2595 1108 2663 parvulum
1141 2594 1431 2667 navigium
1466 2610 1661 2650 nactus
1686 2595 2048 2666 conscendit,
2069 2612 2136 2651 ac
2161 2613 2229 2651 se

409 2672 554 2748 fugae
572 2672 951 2728 commendat.
982 2671 1279 2729 Sallustius
1302 2675 1535 2729 interim
1570 2688 1775 2747 praetor
1804 2692 1838 2729 a
1868 2672 2225 2730 Cercinnati-

408 2754 510 2815 bus
538 2763 795 2823 receptus
818 2791 835 2821 ,
869 2768 1072 2824 magno
1103 2769 1337 2808 numero
1366 2752 1634 2809 frumenti
1659 2753 1894 2810 invento
1915 2794 1934 2824 ,
1964 2771 2131 2810 naves
2152 2772 2224 2811 o·

407 2831 682 2900 aeraria,
705 2846 936 2903 quarum
973 2831 1046 2885 ibi
1081 2833 1222 2897 satis
1244 2849 1448 2905 magna
1469 2836 1635 2906 copia
1657 2833 1789 2905 fuit,
1816 2836 2087 2905 complet,
2114 2846 2221 2889 at-

407 2912 594 2987 quein
617 2924 803 2966 castra
827 2911 899 2966 ad
923 2907 1202 2967 Caesarem
1223 2914 1430 2969 mittit.
1457 2916 1513 2958 ⁵⁹
1538 2914 1796 2969 Allienus
1818 2914 2052 2971 interim
2084 2930 2218 2986 pro-

467 3056 531 3113 58
593 3054 856 3102 Ceo-cinnam
883 3057 1160 3111 pervenit.)
1187 3052 1274 3102 vi·
1339 3055 1635 3115 regebatur:
1663 3056 1781 3105 belli
1816 3064 2045 3117 tempore
2078 3068 2212 3105 uou-

404 3118 468 3169 de
490 3128 639 3175 supra
665 3129 709 3163 c.
734 3130 777 3175 3.
808 3125 927 3163 sect.
953 3120 999 3165 8.
1340 3132 1595 3183 nunquam
1622 3119 1674 3169 iu
1706 3119 1963 3179 provincia
1997 3131 2217 3180 procon-

469 3190 534 3239 59
599 3183 814 3227 Allienus
833 3181 1018 3227 interim
1027 3186 1276 3237 proconsul
1338 3186 1468 3229 sules
1492 3196 1581 3241 pro
1599 3184 1895 3243 praetoribus
1912 3185 2217 3245 erant,quud

402 3258 430 3294 e
459 3244 713 3303 Lilybeo.)
732 3240 902 3291 Sicilia
917 3256 948 3292 a
969 3244 1275 3303 praetoribus
1336 3246 1403 3293 da
1430 3246 1551 3295 Asia
1574 3246 1901 3296 manifestum
1924 3254 2017 3295 est.
