2459 3834
417 87 568 148 202
937 91 1040 148 DE
1087 91 1331 148 mo
1380 89 1707 150 cauco

415 185 537 230 stes
577 173 1010 250 insequerentur
1030 215 1049 247 ,
1088 187 1355 231 terreret.
1408 175 1537 248 lpse
1608 175 1833 248 paulum
1876 189 1950 234 ex
1996 192 2069 234 eo
2102 179 2243 238 loeo

299 255 378 318 50
418 268 548 308 cum
591 257 815 330 legione
860 252 1224 330 progressus,
1277 255 1373 312 ubi
1410 255 1752 314 constiterat
1772 296 1794 329 ,
1818 250 2089 314 'eventum
2122 278 2244 332 pu·-
2314 273 2327 288 ·

305 2262 376 2326 51

414 350 536 408 gnae
584 337 968 407 exspectabat.
1019 333 1166 392 Cum
1221 336 1502 392 acerrime
1554 337 1813 392 cominus
1870 352 2239 412 pugnaretur,

414 413 610 470 hostes
645 421 799 485 loco,
840 429 902 470 et
941 431 1217 485 nurnero,
1252 417 1435 475 nostri
1472 416 1688 474 virtute
1716 415 2241 491 confidet-enum&-

414 491 544 550 bito
583 510 714 550 sunt
763 495 941 551 AEdui
982 497 1134 567 visi,
1181 495 1255 550 ab
1314 499 1497 554 latere
1534 498 1751 555 nostris
1806 509 2049 569 aperto,
2098 515 2245 572 quos

413 569 606 628 Caesar
639 577 710 628 ab
749 575 990 633 dextera
1027 581 1194 649 parte
1239 576 1357 632 alio
1384 576 1660 634 adscensu
1711 593 1909 634 manus
1934 577 2265 634 distincti-›-

413 651 498 706 ‹1ae
544 671 712 712 causa
749 657 1006 713 miserat.
1055 655 1104 710 Ii
1157 656 1539 716 similitudine
1586 673 1875 714 armorum
1915 657 2242 713 vehemen-

413 743 507 788 ter
550 747 772 792 nostros
823 748 1251 806 perterruerunt
1270 775 1291 805 ,
1326 753 1395 791 ac
1430 738 1659 795 tametsi
1692 736 1929 793 dextris
1970 737 2231 796 humeris

414 813 628 868 exertis
680 816 1320 886 animadvertebantur,
1360 817 1511 892 quod
1564 817 1789 891 insigne
1840 817 2059 889 pacatis
2106 833 2245 875 esse

415 907 786 950 consueverat
808 935 826 965 ,
859 910 1048 950 tamen
1077 896 1140 952 id·
1177 896 1361 968 ipsum
1400 897 1486 951 sui
1528 895 1763 952 fallendi
1792 913 1960 952 causa
2008 897 2245 955 milites

414 972 488 1027 eb
511 975 765 1030 hostibus
795 975 1009 1041 factum
1045 977 1470 1036 existimabant.
1496 975 1717 1036 Eodem
1748 989 2004 1048 tempore
2034 976 2099 1032 L.
2115 975 2241 1033 Fa-

411 1051 540 1108 bius
577 1057 840 1114 centurio
864 1096 883 1126 ,
931 1057 1138 1129 quique
1187 1073 1299 1111 una
1342 1072 1563 1111 murum
1598 1057 2052 1127 adscendet-aut,
2090 1057 2233 1112 cir·-

413 1138 702 1204 cumventi
733 1176 752 1210 ,
786 1151 958 1209 atque
991 1133 1322 1207 interfecti,
1342 1136 1417 1190 de
1452 1153 1616 1193 muro
1647 1137 2095 1208 praecipitantur.
2144 1134 2233 1192 M.

412 1209 670 1288 Petrejus
699 1217 946 1290 ejusdem
977 1217 1219 1290 legionis
1256 1218 1559 1288 centurio,
1600 1232 1728 1272 cum
1768 1228 1961 1292 portes
2000 1216 2229 1271 exscin-

414 1292 551 1349 dere
589 1311 824 1351 conatus
877 1309 1066 1367 esset,
1115 1313 1152 1350 a
1199 1295 1567 1354 multitudine
1614 1311 1957 1368 oppressus,
2003 1309 2075 1350 ec
2112 1294 2229 1352 sibi

411 1373 756 1447 desperans,
807 1377 1000 1433 multis
1037 1376 1152 1448 inm
1191 1376 1519 1431 vulneribus
1566 1376 1861 1446 acceptis,
1892 1374 2235 1448 manipule-

411 1454 570 1511 ribus
611 1458 726 1512 suis
748 1496 766 1525 ,
807 1458 904 1528 qui
945 1457 1106 1520 illum
1147 1457 1332 1514 secuti
1360 1468 1567 1511 erant:
1602 1453 1945 1530 „Quoniam
1968 1493 1989 1526 ,
2018 1455 2237 1530 inquit,

410 1547 504 1588 me
547 1553 656 1590 una
685 1537 975 1594 vobiscum
1005 1551 1241 1590 servare
1282 1552 1393 1596 nou
1428 1551 1647 1608 possum
1670 1573 1689 1605 ‚
1740 1528 1942 1590 v'estrae
1990 1535 2229 1608 quidem

409 1627 569 1669 certe
608 1616 779 1670 saluti
826 1615 1171 1688 prospiciam
1196 1654 1215 1686 ,
1265 1631 1405 1690 quos
1452 1614 2013 1688 cupiditate‘gloriae
2044 1613 2249 1670 addu-

411 1705 538 1749 ctus
557 1733 574 1763 ,
603 1695 663 1750 in
715 1695 1023 1767 periculum
1059 1695 1287 1753 deduxi.
1342 1693 1460 1750 Vos
1483 1735 1501 1765 ,
1540 1697 1679 1750 data
1709 1693 1985 1750 facultate
2016 1728 2035 1763 ,
2066 1694 2243 1750 vobis

412 1777 709 1830 consulite.
725 1777 768 1814 “
807 1773 988 1832 Simul
1039 1775 1251 1846 irrupit
1290 1776 1349 1830 in
1392 1775 1611 1832 medios
1636 1775 1874 1848 -hostess,
1910 1772 2241 1846 duobusque

411 1851 736 1910 interfectis
757 1894 776 1925 ‚
809 1856 1054 1930 reliquos
1087 1871 1122 1909 a
1175 1867 1344 1924 porta
1374 1859 1599 1927 paulum
1630 1854 1951 1931 (subtnovit.
1986 1849 2245 1924 Consu.-

412 1931 567 1988 tibus
593 1935 859 1990 auxiliari
901 1935 1016 1990 suis
1047 1950 1064 1993 z
1099 1933 1391 2008 „Frustra
1422 1975 1441 2005 ,
1470 1934 1657 2010 inquit
1688 1973 1708 2004 ,
1740 1949 1874 1990 meae
1916 1933 2047 1990 vitae
2094 1928 2245 1988 sinb-

414 2013 618 2068 venire
641 2015 928 2070 conamini
953 2053 970 2083 ,
999 2031 1166 2088 quem
1184 2014 1300 2089 jam
1330 2015 1559 2084 sanguis
1592 2053 1611 2083 ‚
1633 2014 1899 2087 viresque
1934 2010 2241 2068 deficiunt.

414 2087 668 2151 Proinde
707 2093 844 2148 hinc
888 2094 1086 2165 abite,
1133 2095 1267 2149 dum
1308 2107 1397 2150 est
1438 2092 1679 2152 facultas
1710 2132 1731 2164 ,
1770 2109 1981 2166 vosque
2022 2093 2093 2148 ad
2144 2095 2244 2148 le-

417 2171 648 2246 gionem
691 2175 948 2246 recipite.
963 2175 1008 2208 “
1037 2174 1130 2230 lta
1151 2190 1403 2248 pugnans
1429 2187 1559 2252 pust
1590 2176 1817 2247 paulum
1856 2172 2135 2239 concidit,
2159 2187 2237 2228 ae

423 2254 537 2309 suis
557 2255 727 2310 saluti
761 2253 892 2310 fuit.
933 2254 1138 2312 Nostri
1187 2271 1317 2311 cum
1350 2256 1595 2328 undique
1625 2265 2047 2326 premerentur,
2088 2269 2245 2309 xwz.

413 2334 842 2392 centurionibus
880 2335 1106 2393 amissis
1129 2373 1148 2405 ,
1185 2332 1394 2407 dejecti
1427 2347 1557 2389 sunt
1590 2335 1765 2404 loco;
1803 2332 1901 2388 sed
1931 2333 1993 2376 4⁷
2024 2333 2245 2388 intole-

416 2416 638 2469 rantius
661 2412 866 2471 Gallos
908 2416 1271 2488 insequentes
1321 2415 1473 2487 legio
1520 2431 1575 2470 κ.
1632 2413 1887 2468 tardavit
1908 2410 2076 2485 ‚'quae
2132 2428 2243 2483 pro

415 2493 670 2550 subsidio
713 2497 900 2565 paullo
951 2496 1197 2568 aequiore
1247 2497 1377 2549 loco
1426 2491 1787 2549 constiterat.
1826 2492 1993 2548 Hanc
2052 2507 2253 2548 rursus

416 2588 546 2630 1111.
585 2574 830 2646 legionis
869 2571 1142 2631 cohortes
1171 2587 1564 2646 exceperunt-3
1592 2589 1712 2645 quae
1760 2588 1836 2628 ux⁴
1865 2571 2075 2626 castris
2114 2571 2253 2627 mi·-

419 2651 655 2710 noribus
699 2654 916 2710 eductae
940 2693 959 2726 ‚
987 2670 1115 2709 cum
1163 2653 1237 2707 T.
1281 2651 1480 2709 Sextio
1517 2655 1710 2726 legato
1744 2663 2016 2725 ceperunt
2054 2652 2251 2708 locum

419 2736 790 2807 superiorem.
841 2733 1123 2808 Legiones
1153 2733 1249 2788 ubi
1284 2734 1531 2802 primum
1566 2732 1861 2804 planitiem
1902 2729 2249 2804 attigerunt,

417 2813 650 2872 infestis
679 2826 881 2884 contra
904 2814 1098 2870 hostes
1138 2812 1321 2887 signis
1362 2811 1763 2870 constiterunt.
1794 2809 2251 2885 Vercingetorix

308 2931 337 2970 ,ι
417 2893 494 2950 ιδ
527 2895 826 2951 'radicibus
869 2895 1032 2950 collis
1073 2909 1205 2950 suos
1254 2893 1411 2947 iutra
1458 2893 1805 2958 munitiones
1851 2891 2095 2950 reduxit.
2154 2887 2256 2947 Eo

419 2973 520 3036 die
550 2977 769 3035 milites
797 2988 929 3034 sunt
974 2976 1166 3060 paullo
1204 2973 1393 3030 minus
1430 2991 1551 3035 nec.
1576 2971 1907 3030 desiderati.

487 3185 557 3235 47
622 3173 970 3222 Intolerantius
991 3175 1159 3218 Gallos·
1191 3171 1313 3215 inse·
1376 3139 1525 3230 tiust,
1566 3167 1772 3216 Graecus
1798 3159 2045 3226 Opoeu‘toec·

426 3247 638 3297 fluentes.
659 3239 680 3294 >
701 3235 945 3298 cupidius
960 3270 976 3296 ,
996 3233 1315 3284 immodera-
