2459 3834
300 168 313 177 N
922 99 1079 155 ΠΒ.
1114 100 1189 155 Α.
1216 100 1494 155 mam.
1971 106 2120 185 533

268 180 525 240 turribus
548 222 571 253 ,
618 181 1089 255 ornamentisque
1128 183 1291 253 capit
1314 222 1338 252 ,
1361 195 1586 256 captos·
1634 194 1774 243 ante
1833 186 2112 261 oppidum

268 262 587 321 instructos
619 264 961 321 constituit..
993 262 1059 317 Id
1090 261 1523 336 hoc·consi}io··,
1552 262 1603 319 si
1647 278 1842 339 posset
1879 264 2116 340 Vei-gi..

266 344 383 399 lius
402 384 422 415 ,
452 344 663 417 quique
692 360 821 399 cnm
850 359 925 400 eo
956 341 1407 415 obsidebantur,
1433 346 1520 399 rei
1543 348 1702 401 male
1741 360 1917 421 gestae
1969 364 2118 405 suo-

267 440 398 479 rum
430 425 654 479 indicio
676 436 712 477 a
754 422 1081 495 pertinacia
1130 422 1358 479 deduci.
1419 423 1651 481 Deinde
1699 426 1827 500 ipse
1875 424 2110 500 Vergi-

268 503 413 558 lium
452 504 733 575 apellavit
762 503 1211 575 ‚·invitavitque
1266 503 1340 557 ad
1384 503 1784 577 deditionem,
1839 522 2112 579 suamque
2181 540 2190 553 .

262 584 579 639 lenitatem
599 623 619 653 ,
656 596 719 637 et
746 584 1119 637 clementiam
1162 586 1663 659 commemoravit.
1719 584 1907 659 Quem
1941 600 2115 658 post·-

262 680 443 737 qnam
472 662 891 717 animadvertit
920 678 1254 733 responsum
1285 663 1400 717 sibi
1431 680 1544 719 non
1585 665 1724 720 dare
1746 705 1766 736 ,
1814 666 1886 721 ab
1931 667 2115 740 oppi-

263 744 347 799 do
388 743 644 798 recessit.
675 740 920 797 Postero
944 742 1043 796 die
1063 781 1083 812 ,
1130 742 1333 797 divina
1359 759 1425 798 re
1465 743 1624 799 facta
1645 784 1664 815 ,
1693 746 1973 802 concione
1993 747 2114 802 ad-

258 834 479 877 ¹vocata
499 862 521 893 ,
580 823 644 877 in
696 822 1007 893 conspectu
1054 823 1476 893 oppidanorum
1519 824 1740 879 milites
1797 828 2111 910 collaudat,

265 912 569 976 totumque
596 902 920 967 exercitum
944 914 1282 957 veteranum
1311 902 1576 959 donavit.
1621 902 1864 959 Praemia
1903 905 2108 962 fortis-

258 980 408 1039 simo
438 984 642 1057 cuique
660 998 775 1055 ‚ac
802 983 947 1045 bene
974 982 1225 1037 merenti
1259 998 1362 1053 pro
1403 994 1674 1057 suggestu
1729 984 1956 1039 tribuit.
2013 985 2104 1041 Ae

257 1064 465 1119 statim
512 1063 649 1119 inde
692 1062 983 1136 digressus
1005 1102 1027 1133 ‚
1072 1058 1145 1117 C.
1182 1061 1396 1119 Rebilo
1443 1065 1784 1135 proconsule
1825 1078 1956 1118 cum
2000 1084 2098 1121 ιιι.

254 1141 331 1197 ad
364 1142 660 1214 Thapsum
688 1142 1009 1215 legionibus
1032 1180 1051 1210 ,
1100 1154 1163 1197 et
1208 1139 1334 1197 (ἕω
1361 1142 1634 1199 Domitio
1681 1160 1812 1199 cum
1844 1162 1912 1199 11.
1948 1143 2098 1200 Tis-

255 1219 415 1291 ἀνω,
458 1218 563 1277 ubi·
596 1220 1199 1293 Considiuszp'raeerat
1230 1260 1250 1291 ,
1297 1222 1370 1275 ad
1409 1222 1790 1279 obsidendum
1849 1224 2102 1296 relictis,

253 1298 347 1355 M.
374 1301 653 1357 Messalla
682 1300 923 1359 Uticam
970 1313 1106 1359 ante
1147 1302 1440 1373 praemisso
1479 1318 1610 1359 cum
1652 1302 1920 1376 equitatu
1969 1303 2096 1377 ipse

254 1380 463 1465 eodem
492 1381 609 1439 iter
642 1381 837 1441 facene
852 1412 861 1428 ·
875 1380 1197 1440 contendit.

722 1539 927 1636 ,ᾳΑ
964 1541 1014 1599 P
1053 1540 1111 1598 U
1152 1540 1206 1597 τ
1287 1504 1568 1599 ὶὶΧΧιν.

254 1700 557 1776 Scipionis
602 1704 833 1781 equites
856 1702 1065 1775 oppido
1086 1700 1322 1758 Parada
1342 1702 1532 1775 potiti
1553 1742 1574 1774 ,
1603 1702 1920 1776 oppidanos
1947 1704 2094 1783 igne

255 1794 633 1856 eommunt3
684 1784 821 1841 inde
852 1784 1107 1841 Isticam
1145 1790 1364 1855 petunt
1394 1797 1410 1837 t
1463 1780 1552 1838 ibi
1582 1784 1836 1855 primum
1889 1798 2092 1843 castra

219 1869 397 1919 ‘ante
437 1874 672 1935 portam
712 1862 939 1939 oppidi.
963 1863 1167 1935 posita
1206 1872 1546 1939 oppugnant
1568 1900 1587 1933 ‚
1627 1863 1766 1931 inde
1822 1865 2094 1938 oppidum

255 1942 520 2019 ingressi
557 1944 722 2025 cives
763 1944 1134 2003 interimunt.
1184 1940 1332 1998 Cato
1369 1941 1689 2013 oppidanos
1733 1944 1814 1999 ad
1869 1940 2094 2015 defen..
2130 1990 2143 2014 ,

255 2022 471 2080 sionem
519 2023 791 2081 hortatus
817 2063 839 2094 ,
878 2024 988 2081 sed
1040 2021 1194 2079 nihil
1243 2020 1562 2094 proficiens
1608 2035 1796 2080 semet
1851 2024 2091 2099 occidit,

292 2120 454 2178 quem
482 2103 793 2163 Uticenses
822 2100 1134 2176 sepeliunt.
1186 2101 1426 2178 Magna
1457 2098 1711 2160 Caesaris
1729 2102 2052 2163 'clementia

772 2199 923 2259 erga
968 2198 1159 2239 omnes
1200 2181 1578 2253 conspicitur.

332 2278 631 2415 Equites
660 2338 901 2397 interim
931 2338 1223 2414 Scipionis
1251 2378 1274 2411 ,
1321 2339 1421 2413 qui
1453 2328 1534 2395 ex'
1573 2336 1770 2412 praelio
1797 2340 2091 2417 fugerant,
2135 2357 2210 2436 37

252 2439 383 2477 cum
435 2420 673 2477 Uticam
715 2439 909 2477 versus
960 2422 1075 2477 iter
1133 2419 1394 2475 facerent
1435 2439 1460 2490 ‚·
1511 2419 1856 2491 perveniunt
1907 2425 1965 2465 ²³
2019 2424 2093 2480 ad

250 2502 530 2575 oppidum
554 2502 861 2556 Pax-adam.
916 2500 1076 2571 Ubi,
1100 2516 1234 2556 cum
1261 2499 1332 2554 ab
1362 2500 1572 2557 incolis
1603 2518 1718 2558 non
1750 2502 2094 2573 reciperen-

250 2592 390 2653 tur,
452 2581 582 2637 ideo
632 2581 782 2655 quod
830 2580 985 2635 fama
1042 2580 1116 2635 de
1156 2579 1410 2635 victoria
1453 2577 1696 2636 Caesaris
1749 2586 2092 2653 praecurris-

249 2674 381 2733 set,
421 2661 482 2715 vi
513 2660 726 2733 oppido
759 2661 983 2733 potiti,
1041 2660 1103 2715 in
1153 2660 1346 2715 medio
1394 2659 1522 2716 foro
1561 2660 1738 2733 lignis
1769 2677 2091 2717 coacerva·-

248 2742 327 2797 tis
350 2780 371 2814 ,
420 2741 791 2813 omnibusque
822 2736 995 2796 rebus
1044 2756 1243 2796 eorum
1282 2740 1574 2812 congestis
1605 2778 1624 2809 ,
1655 2742 1850 2814 ignem
1897 2742 2088 2815 subji-

250 2822 449 2878 ciunt:
491 2834 663 2893 atque
686 2818 805 2895 ejus
836 2820 1035 2892 oppidi
1066 2820 1287 2874 incolas
1315 2818 1582 2891 cujusque
1611 2821 1839 2893 generis
1867 2860 1885 2890 ,
1935 2837 2084 2876 aeta-

251 2902 482 2977 fisque,
533 2902 702 2957 vivos
732 2939 749 2969 ,
795 2899 1256 2972 constrictosque
1286 2899 1344 2953 in
1401 2896 1693 2952 flammam
1749 2900 2090 2973 conjiciunt,

250 2973 423 3056 atque
452 2983 541 3039 ita
568 2978 947 3037 acerbissimo
984 2977 1251 3035 afficiunt
1281 2976 1584 3050 supplicio.
1615 2977 1848 3036 Deinde
1889 2982 2089 3053 proti-

1919 3104 1946 3135 d

314 3176 383 3221 23
447 3168 526 3213 Ad
582 3165 803 3223 oppidum
830 3162 1139 3217 Pandam.)
1200 3164 1278 3209 De
1319 3159 1564 3209 distantia
1617 3160 1681 3210 ab
1731 3161 1882 3212 Utica
1955 3160 2091 3215 nibil

254 3228 431 3275 Strabo
466 3232 501 3277 1.
525 3242 663 3277 xvu.
704 3240 753 3287 p.
794 3236 916 3287 572.
966 3227 1136 3285 φαράν
1203 3223 1335 3275 certi
1354 3224 1619 3275 habemuS.

250 3294 467 3340 Pharum
490 3290 586 3341 hoc
616 3292 869 3353 oppid-um
892 3290 1140 3351 appellat.
