2459 3834
427 12 573 95 372
996 20 1126 86 DE·
1156 20 1398 78 BELLO
1451 16 1693 75 clvlu

423 97 708 154 exercitus
738 97 929 171 pulvis
968 114 1345 174 cerneretur,
1385 114 1446 157 et
1489 102 1661 175 primi
1690 109 2082 157 antecursores
2123 96 2276 156 Sci-

429 178 618 251 pionis
648 177 1001 251 viderentur.
1044 180 1137 237 Ita
1164 180 1368 237 Cassio
1399 180 1694 239 industria·
1709 179 1957 239 Domitii
1980 217 2000 250 ‚
2052 178 2101 234 F
2105 195 2283 236 avo-

427 256 527 313 nio
558 255 847 329 Scipionis
878 258 1146 316 celeritas
1190 263 1435 317 salutem
1465 260 1683 319 attulit.
1719 259 1914 333 Scipio
1943 260 2006 314 in
2051 258 2280 314 castris

416 336 649 393 stativis
679 337 911 393 biduum
944 354 1198 397 moratus
1238 341 1310 413 ad
1343 338 1549 397 fiumen
1571 380 1591 413 ,
1627 340 1778 414 quod
1809 341 1962 395 inter
1991 354 2121 394 eum
2145 378 2169 410 ‚
2199 351 2272 394 et

416 412 672 471 Domitii
704 412 893 473 castra
924 417 1136 476 fluebat
1159 460 1178 491 ‚
1209 420 1646 477 Haliacmonem
1695 420 1873 475 tertia
1921 418 2020 475 die
2070 418 2274 490 prima

416 497 540 551 luce
580 496 895 551 exercitum
926 499 1075 556 vado
1120 501 1486 572 transducit3
1515 512 1576 557 et
1607 499 1816 555 castris
1852 498 2059 571 positis
2083 537 2102 568 ,
2131 513 2266 569 po-

416 588 573 630 stero
598 576 694 629 die
738 591 903 632 mane
937 579 1132 651 copias
1172 592 1310 635 ante
1349 579 1604 655 frontem
1645 592 1963 635 castrorum
1996 577 2266 635 instruit.

414 652 715 711 Domitius
746 656 867 711 tuin
898 674 1121 733 quoque
1152 659 1265 714 sibi
1294 659 1669 715 dubitandum
1701 675 1811 733 non
1845 657 2092 731 putavit,
2111 657 2264 729 quin

414 732 713 805 productis
752 737 1072 810 legionibus
1106 739 1678 809 praetio-decertaret.
1727 736 1838 793 Sed
1860 776 1882 809 ,
1909 752 2039 793 cum
2090 749 2252 793 esset

414 813 569 867 inter
600 813 735 869 bina
786 828 977 875 castra
1018 818 1526 891 campus'circiter
1567 819 1810 874 millium
1845 829 2104 889 passuum
2135 834 2268 889 vn,

414 892 624 957 castris
652 890 941 967 Scipionis
988 898 1175 953 aciem
1204 894 1668 973 suam‘subjecit.
1727 897 1834 952 Ille
1863 913 1897 950 a
1936 898 2090 961 vallo
2135 912 2257 951 non

414 970 709 1029 discedere
762 976 1169 1045 perseveravit.
1220 976 1502 1033 Attamen
1543 995 1690 1053 aegre
1740 976 1984 1033 retentis
2023 974 2258 1029 Domi-

415 1052 593 1109 tianis
641 1053 922 1111 militibus
975 1070 1063 1111 est
1118 1056 1378 1131 factum,
1422 1074 1494 1112 ne
1546 1058 1740 1131 praelio
1780 1054 2254 1127 contenderetur;

414 1145 475 1188 et
508 1132 755 1188 maxime
774 1173 793 1205 ‚
826 1136 974 1209 quod
1006 1136 1163 1191 rivus
1192 1136 1526 1193 difficilibus
1569 1137 1710 1209 ripis
1751 1135 1962 1200 castris
2009 1132 2252 1207 Scipio-

414 1209 814 1285 nis'subjectus
842 1253 862 1284 ,
918 1232 1276 1290 progressum
1320 1230 1644 1275 nostrorum
1687 1214 2055 1289 impediebat.
2085 1213 2251 1292 Quo-

413 1306 541 1345 rum
581 1292 871 1367 studium,
912 1295 1384 1371 alacritatemque
1435 1297 1722 1371 pugnandi
1759 1312 1892 1355 cum
1931 1295 2248 1369 cognovis-

412 1384 501 1425 set
534 1368 769 1445 Scipio,
811 1375 1126 1448 suspicatus
1156 1376 1322 1446 fore,
1371 1388 1433 1432 ut
1481 1391 1709 1449 postera
1755 1376 1855 1431 die
1901 1387 2004 1431 aut
2029 1376 2248 1431 invitus

411 1450 693 1509 dimicare
723 1454 1021 1526 cogeretur
1050 1495 1071 1529 ,
1116 1468 1215 1513 aut
1265 1471 1473 1531 magua
1519 1474 1650 1512 cum
1681 1455 1922 1511 infamia
1948 1456 2153 1511 castris
2185 1471 2252 1511 se

322 1559 343 1572 ν
411 1531 751 1605 continere,
791 1534 889 1606 qui
936 1550 1144 1611 magna
1199 1536 1632 1608 exspectatione
1691 1536 1984 1606 venisset,
2027 1547 2252 1591 temere

410 1626 740 1687 progressus
774 1626 999 1685 turpem
1045 1614 1247 1671 habuit
1275 1616 1568 1689 'exitum3
1618 1628 1680 1671 et
1721 1626 1890 1672 noctu
1917 1652 1938 1684 ,
1986 1630 2057 1667 ne
2086 1630 2246 1669 con...

408 1692 675 1747 clamatis
696 1692 925 1765 quidem
956 1694 1104 1753 vasis
1124 1734 1145 1766 ,
1172 1694 1380 1753 flumen
1411 1695 1622 1753 transit
1643 1735 1662 1766 ,
1689 1710 1861 1770 atque
1889 1694 1947 1748 in
1973 1692 2242 1752 eamdem

410 1782 678 1842 partem,
727 1788 798 1827 ex
850 1789 960 1845 qua
1010 1786 1288 1848 venerat,
1319 1775 1509 1832 redit:
1561 1776 1756 1849 ibique
1807 1789 1978 1847 prope
2023 1770 2244 1829 flumen

410 1848 571 1905 edito
616 1861 821 1907 natura
856 1853 983 1908 loco
1033 1865 1222 1909 castra
1267 1855 1444 1927 ponit.
1507 1853 1710 1911 Paucis
1757 1855 1956 1912 diebus
1981 1853 2248 1927 interpo-

408 1927 571 1999 sitis,
613 1940 784 1985 noctu
834 1930 1073 1989 insidias
1118 1933 1376 2007 equitum
1425 1936 1777 1993 collocavit:
1827 1950 1940 2008 quo
1995 1932 2058 1989 in
2115 1935 2248 1990 loco
2312 1970 2320 1982 ·

410 2007 796 2079 superioribus
848 2008 968 2067 fere
1006 2011 1206 2083 diebus
1255 2014 1440 2071 nostri
1497 2014 1753 2088 pabulari
1810 2028 2246 2071 consueverant.

407 2084 485 2141 Et
515 2076 668 2143 ‘cum
734 2079 1101 2161 quotidiana'
1136 2094 1544 2151 consuetudine
1587 2092 1664 2169 Q.
1704 2093 1896 2151 Varus
1946 2091 2246 2165 praefectus

407 2164 665 2241 equitum
710 2166 964 2227 Domitii
1007 2172 1257 2230 venisset
1296 2212 1316 2244 ‚
1347 2174 1534 2231 subito
1577 2174 1666 2231 illi
1711 2192 1784 2231 ex
1834 2172 2063 2229 insidiis
2093 2188 2246 2229 con-

407 2258 797 2303 surrexerunt.
841 2246 949 2305 Sed
1002 2252 1185 2308 nostri
1243 2251 1477 2309 fortiter
1527 2270 1722 2311 eorum
1766 2256 2051 2327 impetum
2084 2256 2250 2309 tule-

407 2338 541 2382 runt
566 2367 585 2397 ,
627 2329 1007 2403 celeriterque
1057 2332 1128 2387 ad
1179 2349 1308 2389 suos
1350 2334 1588 2408 quisque
1619 2334 1851 2393 ordines
1889 2333 2109 2405 rediit,
2135 2345 2247 2389 at-

408 2422 518 2477 que
570 2410 721 2463 ultro
754 2410 1005 2465 universi
1055 2412 1113 2465 in
1148 2410 1342 2469 hostes
1381 2413 1659 2486 impetum
1709 2414 1986 2472 fecerunt.
2025 2412 2118 2470 Ex
2147 2413 2262 2471 his-

290 2486 364 2567 38
409 2486 647 2541 circiter
690 2504 845 2543 cxxx.
896 2489 1263 2563 interfectis»,
1305 2492 1536 2567 reliquis
1577 2494 1637 2549 in
1695 2493 1887 2569 fugam
1943 2491 2248 2569 conjectiS,

404 2567 591 2621 nostri
651 2562 867 2623 duobus
920 2571 1193 2642 amissis,
1235 2571 1297 2627 in
1343 2587 1533 2629 castra
1587 2590 1649 2630 se
1713 2585 2068 2647 receperunt.
2133 2572 2248 2629 His

406 2646 599 2701 rebus‘
631 2648 863 2719 gestis,
916 2644 1214 2714 Domitius
1273 2668 1508 2725 sperans
1537 2692 1556 2724 ,
1604 2652 1938 2725 „Scipionem
1987 2652 2061 2707 ad
2125 2669 2246 2725 pu·-

404 2731 579 2799 gnat'n
620 2726 753 2780 elici
788 2744 947 2798 posse
970 2754 995 2799 3
1026 2730 1320 2791 simulavit
1351 2748 1473 2787 sese
1497 2734 1776 2807 angustiis
1811 2734 1894 2788 rei
1925 2732 2246 2805 frumein&-

402 2806 507 2887 τίκ,
541 2806 861 2863 'adductum
912 2822 1107 2865 castra
1154 2827 1426 2877 movere:
1470 2813 1731 2889 vasisque
1787 2812 2032 2872 militari
2079 2828 2244 2869 more

402 2888 778 2941 conclamatis
798 2926 818 2957 ,
853 2884 1183 2961 progressus
1213 2892 1400 2947 millia
1431 2909 1688 2965 passuum
1719 2908 1850 2949 111.
1883 2932 1906 2963 ,
1935 2896 2062 2951 loco
2103 2892 2244 2949 ido-

403 2982 514 3020 neo
541 3004 560 3034 ‚
592 2978 650 3019 et
684 2969 914 3023 occulto
963 2985 1193 3025 omnem
1235 2972 1592 3043 exercitum,
1641 2973 2072 3049 equitatumque
2111 2974 2246 3026 col-

400 3041 639 3100 locavit·
692 3042 889 3118 Scipio
920 3048 993 3103 ad
1027 3051 1373 3125 sequendum
1405 3066 1635 3123 paratus
1659 3092 1680 3125 ,
1708 3054 2025 3126 equitatum
2047 3091 2067 3122 ,
2109 3066 2244 3109 ma·-

403 3138 687 3195 gnamque
724 3138 949 3198 partem
982 3130 1130 3185 levis
1160 3146 1462 3187 armaturae
1485 3172 1504 3203 ‚
1547 3133 1619 3188 ad
1673 3132 2079 3203 explorandum
2128 3130 2246 3189 iter

403 3200 697 3276 Domitii,
726 3217 799 3291 ἐς
850 3210 1353 3286 cognoscendum,
1381 3202 1675 3287 praemisit.
1719 3206 2008 3291 Qui'cum
2054 3224 2245 3271 essent

309 217 387 281 37
