2459 3834
1 839 19 1426 ···-·-==···-·-=*·-··sa

863 151 1015 206 Lm.
1055 153 1130 205 A.
1179 153 1457 214 mna-11.
1600 226 1604 231 Ι
1707 175 1719 182 -
1926 155 2071 226 501

843 309 1225 370 CAPUT
1321 311 1487 370 XVI.

248 472 448 532 C'aesar
487 473 802 548 Ruspinam
831 487 1038 530 versus
1055 467 1445 546 proficiscitur
1465 513 1485 546 ‚
1516 473 1744 532 accedit
1774 473 1853 530 ad
1870 472 2066 532 muni-

249 555 444 612 tiones
483 553 795 628 Scipionis.
836 549 1077 624 Scipio,
1119 563 1180 609 et
1213 553 1512 610 Labienus
1552 557 1747 628 copias
1798 555 2066 611 educunt.

258 631 639 706 Caesariani,
671 632 864 706 pulsis
893 633 1014 704 iis,
1061 633 1157 707 qui
1203 634 1283 688 ad
1314 635 1651 706 presidium
1686 632 1899 703 aaut,
1947 633 2067 690 Ioco
2149 647 2157 650 ·

291 716 510 771 munito
525 714 848 787 potiuntur.
871 711 1166 767 Labienus
1187 713 1310 768 suis
1344 713 1623 768 auxilium
1632 710 1767 785 fert
1786 753 1806 784 ,
1827 711 2029 786 Julia-
2075 755 2078 760 «

419 795 515 849 nis
544 810 668 852 eum
696 788 1149 868 insequentibus,
1177 802 1240 848 et
1264 791 1471 849 multos
1496 793 1908 865 occidentibus.

343 890 642 1014 Caesar
612 992 632 1025 ,
663 962 962 1026 postquam
992 951 1309 1026 legionibus
1352 953 1641 1010 veteranis
1667 970 1759 1009 xx.
1804 951 2088 1026 equitatu,
2124 965 2202 1030 37

263 1009 494 1108 levique
524 1045 816 1090 armatura
843 1031 1038 1104 copias
1062 1049 1188 1087 suas
1219 1049 1291 1088 ex
1310 1035 1555 1090 secundo
1585 1047 1902 1090 commeatu
1925 1050 2081 1088 auxe-

261 1129 380 1186 rat,
394 1130 566 1170 naves
579 1132 660 1168 vx.
683 1112 976 1168 onerarias
1002 1113 1200 1168 statim
1218 1111 1377 1186 jubet
1392 1113 1693 1186 Lilybeum
1715 1115 1787 1169 ad
1812 1114 2092 1184 reliquum

197 1231 203 1234 -
262 1192 580 1250 einen-citum
604 1191 1103 1264 transportandum
1125 1190 1409 1264 proficisci
1446 1211 1461 1249 ε
1504 1195 1626 1266 ipse
1649 1213 1731 1249 v1.
1772 1193 1894 1247 Kal.
1919 1191 2091 1246 Febr.

263 1275 504 1330 circiter
533 1272 737 1345 vigilia
771 1271 953 1342 prima
982 1271 1230 1344 imperat
1250 1310 1270 1343 ‚
1302 1276 1683 1345 speculatores
1713 1313 1734 1345 ,
1782 1273 2091 1344 apparito-

264 1369 469 1427 resque
497 1367 693 1407 omnes
722 1359 785 1404 ut
813 1350 924 1406 sibi
958 1364 1163 1422 praesto
1193 1365 1403 1407 essent.
1432 1352 1631 1426 Itaque
1653 1392 1673 1425 ,
1701 1350 1961 1408 omnibus
1992 1352 2095 1404 in-

267 1433 407 1487 sciis
427 1471 447 1502 ,
485 1446 666 1504 neque
694 1430 1111 1502 suspicantibus
1130 1469 1152 1502 ,
1177 1431 1383 1504 vigilia
1404 1432 1583 1486 tertia
1598 1432 1765 1506 ‚jubet
1795 1446 1990 1488 omnes
2012 1433 2097 1484 le·-

311 1512 470 1567 iones
490 1525 562 1565 ex
585 1508 791 1564 castris
819 1509 1026 1582 educi,
1052 1522 1223 1586 atque
1255 1527 1315 1566 se
1343 1511 1611 1584 consequi
1638 1507 1696 1554 ⁶3
1728 1511 1799 1566 ad
1823 1509 2097 1582 oppidum

267 1529 588 1662 {Ruspinam
630 1605 868 1660 versus,
917 1589 978 1642 in
1019 1606 1128 1662 quo
1177 1590 1304 1662 ipse
1368 1589 1986 1662 praesidiumbabuit,
2018 1599 2097 1664 ,et

271 1671 422 1742 quod
452 1669 696 1744 primum
717 1669 789 1722 ad
818 1667 1136 1725 amicitiam
1167 1667 1284 1740 ejus
1314 1670 1557 1726 accessit
1582 1689 1605 1744 ς
1635 1669 1767 1725 inde
1799 1669 2097 1742 parvulam

269 1749 666 1804 declivitatem
707 1747 1030 1821 digressus,
1079 1748 1317 1803 sinistra
1380 1763 1546 1822 parte
1588 1750 1817 1822 campi,
1860 1763 2097 1822 propter

275 1843 438 1884 mare
476 1827 729 1900 legiones
757 1828 935 1882 ducit.
991 1826 1106 1882 Hic
1142 1843 1374 1900 campus
1428 1829 1680 1884 mirabili
1719 1830 1956 1902 planitie
1984 1844 2097 1900 pa-

271 1916 366 1963 tet
390 1908 573 1963 millia
600 1923 856 1978 passuum
877 1924 971 1962 xv.
987 1945 1006 1978 ,
1033 1923 1199 1978 quem
1216 1906 1407 1980 jugum
1439 1907 1638 1982 ingens
1660 1925 1693 1962 a
1715 1909 1860 1962 mari
1886 1920 2098 1978 ortum,

277 2003 464 2060 neque
504 1987 590 2040 ita
623 1987 960 2057 praealtum,
1014 1987 1170 2040 velut
1207 1986 1427 2041 theatri
1482 1985 1662 2047 efficit
1716 1987 1983 2059 speeiem.
2029 1989 2100 2043 In

277 2064 436 2122 hoc
418 2082 551 2140 jugo
579 2067 752 2120 colles
775 2078 905 2120 sunt
933 2065 1142 2120 excelsi
1176 2067 1373 2137 pauci,
1394 2067 1455 2142 ip
1484 2067 1686 2140 quibus
1718 2067 1947 2140 singulae
1970 2079 2097 2122 tur-

277 2162 373 2200 res
392 2185 412 2216 ,
439 2147 786 2218 speculaeque
805 2145 1035 2218 singulae
1064 2159 1390 2215 perveteres
1410 2159 1573 2200 erant
1598 2148 1923 2202 collocatae·
1909 2186 1929 2217 ,
1960 2161 2103 2219 qua-

281 2241 412 2278 rum
440 2224 589 2296 apud
620 2223 884 2278 ultimam
915 2223 1237 2295 praesidium
1265 2263 1285 2296 ,
1334 2237 1393 2278 et
1436 2226 1613 2280 statio
1650 2226 1761 2280 fuit
1794 2223 2098 2297 Scipionis.
2142 2218 2221 2294 38

231 2305 256 2330 ·
281 2300 592 2374 Postquam
623 2296 814 2356 Caesar
844 2301 952 2354 ad
934 2317 1167 2375 jugum,
1196 2303 1269 2357 de
1298 2319 1407 2373 quo
1437 2303 1649 2375 docui,
1679 2304 2008 2382 adscendit,
2039 2305 2101 2358 in

284 2396 736 2455 unumquemque
776 2382 982 2434 collem
1015 2393 1241 2451 turres,
1280 2385 1623 2456 castellaque
1672 2383 1861 2438 faeere
1902 2385 2103 2456 coepit,

283 2471 457 2533 atquc
477 2476 546 2515 ea
568 2459 752 2514 minus
775 2459 1059 2514 semihora
1080 2421 1300 2532 effici't3
1320 2474 1381 2516 et
1415 2477 1711 2536 postquam
1734 2465 1953 2519 non-ita
1975 2466 2104 2518 lon·

283 2556 357 2613 ge
377 2539 448 2594 ab
469 2539 672 2594 ultimo
694 2540 869 2608 colle,
894 2541 1149 2612 turrique
1169 2541 1279 2594 fuit
1294 2580 1313 2610 ,
1338 2559 1456 2614 quae
1485 2543 1739 2613 proxima
1764 2543 1876 2610 fuit
1898 2544 2105 2600 castris

282 2618 781 2688 adversariorum,
801 2619 860 2672 in
889 2635 997 2690 qua
1019 2619 1186 2675 docui
1209 2636 1329 2674 esse
1352 2622 1675 2694 praesidium
1702 2662 1719 2692 ,
1752 2624 2105 2680 stationem-

279 2713 391 2772 que
409 2697 810 2768 Numidarum,
833 2697 1116 2770 paulisper
1139 2714 1543 2772 commoratus,
1572 2717 1977 2775 perspectaque
2002 2721 2107 2756 na-

281 2788 414 2833 tura
446 2777 557 2833 loci
589 2778 846 2850 equitatu
877 2775 1220 2832 iwstatione
1260 2778 1587 2851 disposito,
1614 2781 1933 2854 legionibus
1965 2799 2103 2853 opus

281 2856 597 2926 attribuit,
623 2849 1029 2928 brachiumque
1061 2856 1295 2912 medio’
1276 2875 1410 2931 Jugo
1440 2859 1512 2913 ab
1540 2875 1610 2917 eo
1640 2862 1808 2932 loco,
1838 2862 1909 2914 ad
1939 2878 2105 2934 quem

281 2948 664 3009 pervenerat,
693 2953 865 3008 usque
894 2935 966 2990 ad
997 2952 1166 3007 eum,
1195 2939 1341 2991 unde
1363 2953 1617 3012 egressus
1646 2951 1791 3010 erat,
1818 2939 1971 3014 jubet
2004 2941 2107 2995 di·-

281 3015 439 3088 rigi,
461 3032 532 3069 ac
558 3014 788 3070 muniri.
823 3013 990 3086 Quod
1018 3027 1315 3107 postquam
1346 3014 1583 3089 Scipio,
1612 3017 2000 3092 Labienusque
2031 3037 2107 3074 a·-

285 3095 780 3151 nimadverterunt
799 3133 821 3167 ,
850 3094 1108 3168 equitatu
1134 3096 1293 3152 omni
1318 3113 1387 3152 ex
1427 3099 1634 3153 castris
1670 3099 1911 3170 educto,
1942 3100 2106 3155 acie-
2157 3127 2159 3129 >

357 3276 420 3335 63
484 3281 565 3326 Ad
618 3278 848 3338 oppidum
904 3280 1170 3337 Ruspinam
1234 3289 1321 3337 23.
1349 3277 1427 3328 Sic
1454 3285 1507 3328 et
1540 3278 1673 3329 infra
1695 3294 1744 3330 c.
1771 3292 1853 3342 31.
1880 3289 2002 3335 sect.
2022 3286 2102 3335 80.

293 3353 487 3388 versus.
493 3340 657 3396 >Vide
677 3355 830 3404 supra
853 3346 964 3402 cap.
977 3355 1027 3403 7.
1047 3350 1170 3392 sect.
1236 3345 1299 3393 aa
1323 3357 1451 3393 mare
1478 3358 1657 3394 verm
1686 3349 1883 3396 consedi.
