2459 3834
452 90 602 187 588
1014 114 1086 169 c.
1144 117 1348 188 Jum
1403 116 1738 172 cfflsnus

436 196 641 251 dentis
663 234 685 267 ,
727 204 969 271 repente
998 210 1207 269 praeter
1237 214 1398 272 spem
1447 198 1600 255 dixit
1621 238 1645 272 ,
1671 216 1734 257 se
1785 196 2013 257 senatui
2047 199 2328 276 roganti

438 275 515 331 de
544 274 864 349 Marcello,
894 294 969 332 ne
997 277 1253 335 hominis
1280 277 1387 348 (L.
1419 280 1675 353 ominis)
1716 280 1950 355 quidem
1979 297 2164 338 causa
2200 302 2334 340 ne-

440 368 727 433 gaturum.
776 357 891 415 Ex
928 354 1119 417 Cicer.
1151 357 1290 417 libr.
1325 374 1384 433 4.
1419 360 1598 432 epist.
1638 360 1718 417 ad
1745 360 1963 419 Famil.
2007 362 2212 437 epist.
2257 380 2330 439 4.

444 438 526 495 ad
551 433 737 498 Serv.
765 436 1121 512 Sulpicium.

624 597 733 657 Ex
791 596 1037 659 ORAT.
1085 598 1176 659 IN
1234 596 1566 658 FUNERE
1613 596 2080 659 CORNELIAE.

553 678 820 754 Quaestor
893 681 932 754 J
937 683 1112 739 uliam
1162 681 1406 738 amitam
1434 721 1459 752 ‚
1531 698 1878 759 uxoremque
1941 681 2326 743 Corneliam

433 756 737 899 &functas
776 762 1039 821 laudavit
1086 780 1121 819 e
1166 779 1330 821 more
1377 778 1484 837 pro
1540 764 1768 821 rostris.
1820 762 1932 821 Ex
1989 760 2180 823 Suet.
2235 768 2322 823 in

493 859 597 901 σε.

560 924 626 971 Τό
652 928 755 983 μὲν
793 920 885 975 οὖν
928 923 1023 974 ἐπὶ
1056 916 1280 985 γυναιξὶ
1317 918 1699 983 πρεσβυτέραις
1733 918 1920 984 λόγοις
1953 927 2318 987 ἐπιταφίοις

435 988 690 1051 διεξιέναι
732 991 970 1051 πάτριον
1009 988 1065 1047 ἧν
1114 987 1171 1036 Ρ’
1218 988 1436 1047 ωμαίοις
1461 1020 1477 1045 ,
1517 987 1667 1045 νέαις
1709 984 1749 1032 δ’
1783 989 1872 1035 οῦκ
1917 986 1978 1045 ἦν
2023 991 2086 1036 ὲν
2167 992 2320 1041 ἔθει.

430 1056 645 1111 πρῶτος
684 1050 741 1099 εἴ
757 1066 861 1099 ‘trev
897 1053 1093 1111 Καίσαρ
1127 1051 1223 1101 ἐπὶ
1256 1055 1356 1110 τῆς
1394 1050 1590 1100 ἑαυτοῦ
1614 1050 1864 1111 γυναικὸς
1903 1049 2324 1115 ἀποθανούσης.

431 1120 515 1165 2ae
552 1120 805 1165 Plutarch.
832 1118 879 1163 in
904 1120 1030 1163 Caes.

588 1254 711 1317 DE
764 1255 839 1316 C.
886 1254 1097 1332 JUL11
1138 1255 1494 1315 CAESARIS
1565 1252 2122 1319 ORATIONIBUS

1094 1334 1624 1397 TESTIMONIA.
1919 1376 1924 1379 -

543 1479 695 1542 Tum
742 1485 955 1541 Bvutus
996 1501 1013 1540 :
1052 1472 1368 1541 Orationes
1418 1480 1656 1557 quidem
1711 1483 1832 1559 ejus
1883 1484 2029 1541 mihi
2082 1485 2316 1545 vehe-

422 1578 651 1623 menter
705 1567 1020 1638 probantur
1059 1606 1080 1639 ,
1130 1558 1452 1639 complures
1507 1576 1707 1621 autem
1767 1566 1886 1641 legi
1917 1606 1944 1638 ,
1995 1576 2111 1623 etc.
2175 1570 2310 1627 Ex

430 1644 629 1705 Cicer.
662 1646 728 1701 in
770 1646 985 1703 Bruto·

542 1724 857 1784 Orationes
896 1726 1117 1801 aliquas
1162 1722 1440 1799 reliquit:
1475 1720 1634 1780 'inter
1675 1742 1816 1801 quas
1858 1737 2078 1783 temere
2107 1746 2307 1804 quae-

424 1807 559 1865 dam
606 1808 915 1865 feruntur:
963 1826 1066 1881 pro
1121 1804 1197 1881 Q.
1245 1804 1492 1863 Metello
1523 1818 1566 1878 ‚‘
1596 1824 1766 1880 quam
1811 1824 1926 1863 non
1973 1808 2304 1868 immerito

425 1886 719 1961 Augustus
748 1889 1049 1945 existimat
1092 1886 1278 1961 magis
1330 1886 1403 1943 ab.
1440 1886 1722 1945 actuariis
1748 1898 2054 1962 exceptam
2076 1928 2096 1959 ,
2127 1894 2304 1948 male

422 1966 893 2041 subsequentibus
933 1970 1111 2023 verba
1154 1968 1408 2022 dicentis
1439 2004 1460 2038 ,
1497 1980 1668 2041 quam
1718 1967 1792 2023 ab
1847 1966 1975 2040 ipso
2017 1969 2296 2045 editam3

421 2060 559 2101 nam
588 2046 653 2101 in
678 2046 1017 2120 quibusdam
1046 2048 1486 2119 exemplaribus&
1515 2047 1750 2103 invenio
1800 2064 1874 2103 ne
1921 2048 2284 2123 inscriptam

425 2123 663 2200 quidem
710 2143 815 2201 pro
850 2124 1094 2184 Μαι-,110
1114 2166 1134 2200 ,
1166 2128 1268 2183 sed
1315 2142 1490 2202 quam
1529 2127 1767 2200 scripsit
1818 2126 2106 2201 Metello,
2133 2146 2284 2187 cum

425 2222 497 2263 ex
536 2222 781 2279 persona.
830 2203 1077 2267 Caesaris
1118 2224 1310 2265 sermo
1371 2208 1489 2279 sit,
1533 2206 1878 2279 Metellum,
1924 2224 2098 2282 seque
2146 2210 2294 2265 aad-³
2330 2245 2340 2253 -

425 2304 625 2365 yet-sus
664 2288 1052 2346 communium
1101 2288 1572 2346 obtrectatorum·
1611 2288 2048 2345 criminationes
2120 2307 2290 2363 pur-

427 2368 671 2443 gantis:
713 2370 865 2441 apud
907 2371 1128 2426 milites
1174 2386 1397 2445 quoque
1447 2369 1510 2423 in
1568 2366 1904 2441 Hispania3
1953 2367 2107 2423 idem
2133 2369 2286 2429 Au-

428 2460 630 2521 gustus
674 2452 998 2515 orationem
1048 2466 1173 2507 esse
1213 2450 1314 2505 vix
1343 2448 1460 2523 ejus
1516 2458 1721 2521 putat,
1762 2466 1887 2522 quae
1926 2460 2120 2504 tamen
2153 2450 2289 2508 du-

428 2529 563 2599 plex
608 2528 795 2584 fertur
824 2570 845 2602 ‚
884 2547 997 2585 una
1043 2528 1205 2604 quasi
1261 2528 1456 2601 priore
1517 2528 1720 2585 habita
1774 2529 1973 2602 praelio
2003 2568 2022 2597 ,
2087 2531 2288 2587 altera

430 2608 756 2681 posteriore
784 2646 805 2680 ,
834 2626 945 2683 quo
986 2608 1223 2666 Asinius
1257 2608 1446 2667 Pollio
1487 2626 1561 2663 ne
1607 2621 1828 2681 tempus
1859 2608 2086 2683 quidem
2122 2627 2285 2666 con-

428 2689 702 2745 cionandi
743 2688 1007 2747 habuisse
1042 2707 1173 2747 eum
1220 2689 1414 2764 dicit,
1443 2688 1633 2747 subita
1673 2688 1925 2746 hostium
1973 2687 2284 2747 incursio-

436 2784 531 2824 ne.
583 2768 696 2827 Ex
735 2766 909 2828 Suet.
949 2770 1011 2826 in
1040 2766 1192 2829 Caes.

830 2930 945 2987 Ex
993 2928 1248 2987 umus
1301 2893 1389 2987 m
1449 2927 1870 2988 cAToNEM.

552 3010 817 3086 Reliquit
846 3026 907 3069 et
937 3010 1021 3069 ‘de
1060 3012 1352 3087 Analogia
1394 3012 1534 3071 duos
1579 3012 1799 3086 libros,
1839 3024 1901 3069 et
1947 3006 2284 3069 Anticato-

436 3108 539 3151 nes
580 3094 849 3151 totidem.
899 3089 1149 3153 Sueton.
1173 3094 1239 3151 in
1265 3090 1420 3151 Caes.
1521 3122 1524 3125 ⁴

1108 3218 1242 3313 ΕΚ
1268 3251 1507 3336 Lumo
1549 3256 1621 3313 1.‘

556 3334 747 3397 caesar
796 3337 859 3397 in
906 3334 1268 3401 Anticatone
1317 3338 1561 3411 priorez
1619 3334 1756 3397 Uno
1804 3337 1964 3396 enim
2007 3349 2277 3414 excepto,
