2459 3834
402 104 555 178 602
966 126 1047 199 c.v
1092 128 1297 198 Jum
1349 124 1684 183 cassius

418 216 433 225 ·
522 200 685 260 Plebi
734 203 953 280 Regem
1000 223 1064 263 se
1110 212 1428 283 salutanti,
1477 208 1758 266 Caesarem
1804 222 1904 281 se,
1943 222 2060 265 non
2099 206 2274 265 Re·—

405 302 535 361 gem
564 300 687 340 esse
718 286 1034 359 respondit.
1064 284 1228 347 Suet.
1261 292 1323 344 in
1343 287 1493 346 Caes.

522 363 618 419 De
667 380 778 438 quo
824 381 1033 439 genere
1092 370 1315 440 optime
1355 366 1427 425 C.
1481 366 1762 425 Caesarem
1825 376 2272 441 praetextatum

404 444 593 499 adhuc
640 445 962 516 accepimus
1002 446 1254 503 dixisse:
1306 446 1368 503 Si
1411 461 1612 505 cantas
1639 488 1662 521 ‚
1697 449 1848 503 male
1891 459 2096 504 cantas
2117 486 2142 519 ,
2193 464 2268 503 sa

406 526 553 599 legis
574 562 592 592 ,
630 534 843 579 cantas.
877 522 1327 604 ‚Quinctilianus
1355 526 1397 584 l.
1427 546 1477 584 1.
1653 528 1666 541 ‘

528 600 806 657 Elevandi
841 605 995 661 ratio
1024 619 1113 662 est
1154 607 1363 680 duplex
1384 646 1405 679 ,
1445 618 1510 663 ut
1538 618 1638 663 aut
1666 603 1896 661 veniam
1925 606 2092 678 quis,
2136 614 2274 661 aut

402 681 743 757 jactantiam
776 683 999 740 minuat
1018 704 1037 741 ε
1077 688 1552 759 quemadmodum
1582 683 1650 740 C.
1681 682 1874 740 Caesal'
1911 682 2296 757 Pomponio'

405 762 731 817 ostendenti
754 766 952 820 vulnus
982 780 1083 820 ore
1107 779 1409 839 exceptum
1458 766 1520 821 in
1568 764 1850 821 seditione
1889 762 2274 838 Sulpiciana,

405 841 556 913 quod
586 842 708 914 ipse
756 858 818 897 se
868 860 1087 915 passum
1140 862 1260 918 pro¹
1286 844 1511 902 Caesare
1560 857 1904 920 pugnantem
1934 842 2272 917 gloriaba-

406 931 521 975 tur.
576 921 899 995 Numquam
939 923 1159 997 fugiens
1202 925 1561 997 respexeris,
1599 924 1807 997 iuquit.
1841 922 1958 977 Aut
2011 924 2270 977 crimen

406 998 690 1075 objectum
722 1014 783 1056 ut
812 998 1025 1059 Cicero
1045 1043 1066 1073 ,
1104 1018 1224 1059 etc.
1267 1002 1713 1083 ‚Quinctilianus
1741 1001 1784 1061 l.
1815 1003 1876 1057 6.

524 1080 632 1135 Est
660 1095 721 1135 et
762 1079 867 1136 illa
914 1100 985 1137 ex
1014 1083 1203 1138 ironia
1247 1083 1410 1149 fictio
1435 1123 1454 1155 ,
1493 1098 1604 1157 qua
1635 1094 1763 1138 usus
1802 1092 1890 1136 est
1927 1078 2264 1139 C.Caesar.

404 1156 559 1215 Nam
586 1157 716 1215 cum
749 1160 915 1215 testis
953 1162 1173 1217 diceret
1201 1180 1236 1218 a
1269 1180 1368 1220 reo
1393 1162 1607 1219 femina
1627 1178 1726 1217 sua
1753 1160 1910 1216 ferro
1941 1161 2148 1233 petita,
2179 1173 2264 1217 et

404 1252 556 1294 esset
603 1237 795 1295 facilis
841 1242 1210 1314 reprehensio
1237 1238 1276 1315 ξ’
1296 1260 1398 1297 cur
1429 1244 1586 1297 illam
1615 1240 1974 1314 potissimum
2008 1254 2256 1311 partem

406 1314 667 1390 corporis
696 1324 993 1375 vulnerare
1024 1323 1333 1378 voluisset:
1365 1320 1518 1394 Quid
1549 1322 1704 1375 enim
1733 1320 1985 1389 faceret,
2023 1320 2258 1393 inquit,

401 1414 537 1453 cum
571 1411 630 1454 tu
656 1403 875 1473 galeam
897 1438 918 1472 ,
954 1412 1015 1455 et
1045 1402 1286 1456 loricam
1331 1402 1567 1456 haberes
1589 1395 1632 1455 3²
1661 1394 1912 1477 ,Quint-t.
1944 1396 1986 1452 ἱ.
2015 1400 2076 1454 6.

528 1476 625 1533 Sic
654 1479 747 1534 fac
772 1480 1087 1549 existimes,
1114 1493 1244 1553 post
1273 1481 1374 1535 has
1396 1480 1679 1550 miserias,
1701 1480 1759 1534 id
1789 1492 1900 1549 est,
1931 1491 2250 1550 postquam

410 1558 586 1613 armis
625 1558 937 1631 disceptari
962 1572 1213 1631 coeptum
1245 1574 1332 1616 est
1359 1559 1430 1615 de
1457 1560 1580 1634 jure
1621 1558 1848 1631 publico
1869 1592 1890 1627 ,
1932 1557 2078 1611 nihil
2109 1573 2252 1613 esse

411 1650 604 1692 actum
633 1640 787 1694 aliud
815 1656 944 1693 cum
974 1640 1279 1713 dignitate.
1313 1639 1464 1694 Nam
1496 1652 1554 1693 et
1585 1638 1708 1709 ipse
1735 1635 1926 1692 Caes'ar
1961 1650 2252 1691 accusata

411 1717 733 1783 acerbitate
764 1717 1069 1791 Marcelli,
1116 1722 1135 1782 (
1157 1720 1243 1774 sic
1288 1721 1444 1774 enim
1483 1718 1851 1791 appellabat)
1895 1716 2252 1789 laudataque

413 1796 995 1855 honorificentissime
1023 1811 1084 1853 et
1117 1799 1376 1873 equitate
1406 1810 1534 1869 tua,
1563 1810 1624 1851 et
1654 1796 1956 1867 prudentia
1982 1830 2001 1865 ,
2031 1812 2248 1867 repen-

413 1886 476 1930 te
514 1890 721 1947 praeter·
746 1895 904 1949 spem
933 1878 1086 1932 dlxit
1108 1917 1128 1949 ‚
1179 1895 1241 1932 se
1266 1877 1500 1933 Senatui
1554 1876 1781 1949 roganti
1811 1876 1886 1929 de
1929 1872 2252 1945 Marcello,

380 2024 387 2030 Δ
414 1972 488 2009 ne
516 1956 555 1993 ἢ*
578 1956 827 2010 hominis
857 1956 1087 2029 quidem
1116 1960 1287 2011 causa
1318 1968 1670 2029 negaturum.
1699 1948 1894 2025 (*Sic
1926 1953 2249 2009 Victorius

412 2030 605 2089 edidit
626 2071 645 2103 ,
682 2048 913 2109 eumque
943 2045 1173 2090 secutus
1204 2035 1522 2091 Lambinus
1541 2072 1560 2104 ,
1588 2034 1680 2090 cui
1708 2043 1898 2089 tamen
1929 2032 2116 2088 omnis
2143 2032 2244 2090 Ie·-

278 2127 283 2138 ’
366 2130 372 2137 ·
406 2110 660 2190 gendum
688 2112 927 2168 videtur
947 2152 968 2184 ,
997 2114 1180 2185 ipsum
1222 2114 1361 2172 vide
1388 2120 1406 2185 )
1433 2111 1638 2170 Cicero
1668 2111 1802 2169 libr.
1845 2113 1905 2185 4.
1947 2112 2126 2184 epist.
2161 2111 2256 2168 ad

413 2189 633 2247 famil.
672 2203 763 2266 ep.
795 2208 851 2263 4.
894 2193 975 2247 ad
1004 2188 1182 2250 Serv.
1218 2190 1564 2267 Sulpicium.

534 2270 837 2335 Demetrio
867 2270 1051 2346 Megae
1099 2272 1292 2329 Siculo
1315 2273 1653 2329 -Dolabeuau
1669 2281 1869 2345 rogatu
1899 2284 2028 2325 meo
2055 2266 2247 2325 Civis-

417 2362 601 2407 tatem
630 2368 663 2405 a
692 2348 916 2407 Caesare
944 2353 1286 2423 impetravit
1311 2370 1333 2425 ς
1362 2356 1471 2426 qua'
1500 2354 1558 2407 in
1589 2366 1663 2423 rep
1681 2367 1790 2425 ego
1821 2348 2080 2404 interfui.
2105 2348 2248 2403 Ita-

417 2446 526 2503 que
556 2446 701 2485 nunc
740 2428 807 2485 P.
838 2424 1141 2488 Cornelius
1172 2445 1430 2488 vocatur.
1473 2430 1743 2503 Dumque
1784 2442 2018 2501 propter
2056 2444 2248 2499 quos-

416 2510 551 2563 dam
579 2508 841 2565 sordidos
873 2510 1155 2581 homines,
1184 2512 1282 2585 qui
1319 2507 1560 2566 Caesaris
1589 2506 1868 2565 beneficia
1898 2506 2254 2579 vendebant,

418 2587 669 2645 tabulam
689 2626 710 2657 ,
750 2587 811 2642 in
838 2606 948 2663 qua
977 2590 1211 2645 nomina
1245 2589 1491 2645 civitate
1533 2589 1878 2644 donatorum
1919 2586 2104 2642 incisa
2141 2602 2248 2641 es-

418 2678 548 2723 sent
567 2706 589 2739 ,
630 2668 827 2722 revelli
883 2667 1138 2742 jussisset
1163 2706 1183 2739 ,
1220 2668 1411 2725 eidem
1461 2666 1775 2725 Dolabellae
1797 2706 1817 2738 ‚
1838 2682 1928 2721 me
1953 2664 2250 2735 audiente,

420 2743 614 2803 Caesar
657 2746 849 2803 dixit:
902 2746 1075 2802 Nihil
1140 2761 1262 2805 esse
1283 2786 1302 2819 ,
1351 2747 1504 2823 quod
1538 2746 1638 2806 rde
1690 2744 1868 2821 Mega
1927 2756 2252 2815 vereretur3

422 2822 764 2883 beneficium
814 2842 975 2884 suum
1006 2826 1066 2881 in
1096 2842 1167 2883 eo
1214 2844 1466 2885 manere.
1497 2822 1698 2884 Cicero
1745 2824 1790 2883 Ι.
1829 2842 1920 2901 ¹3·
1959 2822 2140 2897 epi-rt.
2168 2821 2254 2879 ad

423 2905 593 2963 Fam.
634 2905 814 2979 epist.
844 2908 947 2984 36.-
986 2906 1068 2963 ad
1092 2904 1379 2964 Acilium.

886 3060 1003 3125 DE
1043 3027 1115 3123 eL
1156 3060 1390 3140 sumo
1429 3058 1782 3125 CAESARE.

544 3216 657 3284 'Sed
689 3236 917 3301 tamen,
946 3226 1126 3284 Brute
1143 3267 1164 3301 ,
1194 3211 1382 3303 inquit
1409 3224 1613 3283 Aticus
1636 3264 1657 3298 ,
1677 3226 1752 3279 de
1779 3220 2008 3279 Caesare
2033 3232 2098 3277 et
2125 3220 2248 3294 ipse

426 3300 519 3361 ita
540 3306 734 3377 judico
751 3344 776 3378 ,
800 3320 864 3363 et
899 3307 979 3364 de
1010 3307 1121 3365 hoc
1150 3308 1310 3380 hujus
1335 3308 1560 3383 generis
1588 3304 1867 3361 acerrimo
1895 3302 2245 3357 estimatore

426 3385 734 3457 ³2Pissime
756 3386 971 3465 audio5
1003 3386 1167 3448 illum
1186 3388 1310 3447 fere
1333 3388 1590 3448 omnium
1615 3381 1925 3442 oratorum
1952 3378 2140 3437 latine
2153 3381 2242 3436 lo-

1885 3524 1892 3561 1
