2459 3834
1981 11 2054 18 ψ
2075 11 2080 14 .
2219 11 2272 20 ---
2283 11 2332 16 rn—
2339 11 2396 16 r—vvv

420 99 572 182 324
685 70 690 75 ’
998 95 1128 150 mt-
1151 95 1397 148 nunno
1446 93 1685 148 ctvm

413 181 634 238 stodias
677 179 1020 254 relinquunt.
1064 176 1431 233 Induciarum
1470 175 1711 250 quodam
1750 191 1959 251 genere
1996 177 2241 236 miseri·

413 261 616 318 cordia
665 259 821 320 facto
843 297 862 330 ‚
891 257 1168 314 adventus
1205 255 1451 312 Caesaris
1480 265 1861 336 «suspectatur.
1896 255 2129 314 Nullum
2162 277 2240 318 er.

409 355 614 412 muro,
643 341 857 396 nullum
899 355 934 393 a
981 337 1196 394 nostris
1234 337 1490 392 mittitur
1531 339 1729 390 telum:
1788 335 1873 392 Ut
1921 352 1986 393 re
2022 339 2239 396 confe-

411 431 542 494 cta,
563 437 756 480 omnes
782 433 998 488 curam,
1021 429 1082 472 et
1111 417 1475 492 diligentiam
1496 417 1823 470 remittunt.
1854 413 2047 472 Caesar
2074 421 2233 478 enim

409 517 512 572 per
578 502 778 556 literas
823 495 1116 552 Trebonio
1157 511 1503 571 magnopere
1554 495 1923 551 mandaverat
1948 536 1970 568 ,
2010 515 2081 554 ne
2128 515 2231 573 per

409 580 531 636 vim
577 579 849 653 oppidum
882 578 1193 652 expugnari
1228 587 1519 650 pateretur
1544 594 1567 646 3
1597 591 1669 630 ne
1707 576 1937 650 gravius
1980 581 2231 650 permoti

407 660 624 715 milites
679 671 740 714 et
788 657 1130 714 defectionis
1177 657 1357 726 odio,
1400 651 1460 710 'et
1505 655 1935 728 contemptione
1982 659 2069 714 sui
2096 699 2116 730 ‚
2162 673 2231 718 et

406 735 636 796 diutino
683 739 878 796 labore
907 777 928 809 ,
979 752 1172 794 omnes
1224 736 1463 809 puberes
1510 732 1945 807 interficerent,
1982 739 2135 812 quod
2164 756 2236 798 se*

401 815 654 878 facturos
696 812 1086 874 minabantur:
1127 833 1389 892 aegreque
1424 827 1557 870 tunc
1596 828 1729 871 sunt
1768 816 2027 889 retenti,
2082 820 2229 892 quin

399 899 675 970 oppidum
734 900 1153 970 irrumperent:
1203 897 1572 972 graviterque
1612 911 1739 950 eam
1774 911 1893 950 rem
1946 901 2230 975 tulerunt,

395 981 544 1049 quod
594 979 823 1036 stetisse
876 995 976 1050 per
1025 975 1419 1047 Trebonium,
1461 975 1760 1050 quominus
1812 976 2028 1048 oppido
2059 980 2233 1051 poti-

279 1087 357 1146 14
397 1069 633 1130 rentur,
676 1060 994 1114 videbatur.
1043 1055 1128 1112 At
1168 1058 1361 1112 hostes
1407 1056 1530 1110 sine
1568 1051 1683 1110 fide
1734 1067 1955 1126 tempus
1984 1097 2005 1127 ,
2044 1071 2223 1134 atque

394 1139 717 1196 censionem
779 1138 996 1194 fraudis
1034 1175 1054 1208 ,
1115 1152 1184 1191 ac
1242 1136 1363 1192 doli
1410 1139 1667 1209 quaerunt
1716 1135 2221 1214 vinterjectisquc

387 1219 609 1292 aliquot
655 1217 854 1276 diebus
875 1257 896 1291 ,
937 1217 1148 1272 nostris
1179 1213 1597 1290 languentibus
1618 1254 1638 1285 ,
1676 1225 1848 1290 utque
1876 1219 2071 1274 auimo
2110 1237 2223 1276 re-

387 1299 578 1354 missis
599 1337 619 1369 ,
658 1299 887 1370 subito,
928 1295 1251 1352 meridiano
1292 1311 1549 1367 tempore
1570 1333 1590 1364 ,
1619 1310 1747 1349 cum
1784 1295 1929 1350 alius
1954 1297 2213 1356 'disces-

386 1377 554 1434 sisset
585 1418 604 1448 ,
644 1381 788 1434 alius
842 1393 912 1432 ex
952 1377 1174 1434 diutino
1225 1375 1419 1430 labore
1450 1375 1509 1430 in
1556 1374 1695 1446 ipsis
1748 1375 2015 1448 operibus
2050 1381 2217 1453 quie-

386 1457 437 1510 ti
477 1475 536 1516 se
583 1458 878 1531 dedisset,
903 1473 1063 1512 arma
1113 1471 1251 1511 vero
1278 1457 1475 1512 omnia
1512 1453 1767 1526 reposita
1790 1493 1813 1524 ‚
1852 1469 2219 1516 contencta-

383 1553 492 1608 que
564 1551 790 1610 essent,
840 1541 897 1580 ⁸⁵
953 1535 1136 1609 portis
1194 1553 1257 1590 se
1304 1533 1458 1590 foras
1523 1547 1827 1606 erumpunt
1854 1573 1878 1606 ‚
1932 1541 2215 1614 secundo,

379 1629 702 1692 magnoque
759 1628 932 1672 vento
979 1616 1172 1690 ignem
1229 1615 1496 1687 operibus
1564 1613 1839 1670 inferunt.
1888 1615 2058 1674 Hunc
2114 1622 2211 1677 sic

380 1695 608 1758 distulit
657 1709 859 1754 ventus
891 1735 911 1768 ,
955 1697 1040 1750 uti
1089 1709 1200 1750 uno
1240 1705 1501 1766 tempore
1546 1709 1722 1768 agger
1751 1733 1774 1764 ‚
1824 1696 2046 1768 plutei,
2102 1712 2213 1756 te·-

379 1775 547 1846 studo
567 1816 588 1848 ‚
639 1777 814 1832 turris
843 1815 862 1845 ‚
905 1787 1303 1847 tormentaque
1350 1771 1636 1830 flammam
1691 1774 2063 1847 conciperent
2090 1817 2112 1850 ,
2144 1792 2211 1838 et

376 1857 537 1926 prius
583 1855 700 1910 haec
748 1855 942 1912 omnia
999 1867 1467 1910 consumerentur
1495 1893 1515 1926 ,
1562 1863 1774 1927 quam',
1817 1859 2213 1928 quemadmo-

373 1934 509 1988 dum
550 1935 802 2006 accidit,
831 1934 1217 1990 animadverti
1263 1943 1476 2007 posset.
1508 1932 1713 1990 Nostri
1746 1935 2049 2005 repentina
2078 1938 2215 1996 for-

373 2024 514 2086 tuna
562 2015 807 2086 permoti
857 2029 1060 2086 arma,
1101 2031 1218 2087 quae
1280 2024 1550 2086 possunt,
1599 2015 1907 2085 arripiunt.
1950 2014 2079 2072 Alii
2125 2035 2206 2077 ex

371 2093 580 2149 castris
607 2109 728 2150 sese
755 2094 1023 2149 incitant.
1063 2089 1164 2150 Fit
1213 2093 1277 2148 in
1318 2094 1510 2149 hostes
1540 2093 1828 2166 impetus,
1856 2095 1955 2150 sed
1997 2113 2030 2152 e
2062 2113 2206 2154 mu·-

370 2187 442 2227 ro
482 2167 742 2247 sagittis,
784 2173 1197 2246 tormentisque
1236 2171 1525 2246 fugientes
1566 2177 1829 2247 persequi
1870 2175 2201 2247 prohiben-

373 2261 488 2308 tur.
540 2253 634 2318 llli
678 2253 779 2330 sub
819 2269 1042 2308 murum
1098 2270 1161 2308 se
1209 2252 1549 2324 recipiunt;
1606 2254 1801 2330 ibique
1852 2259 2203 2332 musculum,

370 2326 701 2406 turrimque'
731 2333 1049 2393 lateritiam
1098 2333 1279 2388 libere
1339 2333 1671 2390 incendunt.
1734 2334 1829 2390 Ita
1879 2339 2201 2396 multorum

367 2413 651 2467 mensium
717 2405 878 2470 lab'or
931 2411 1182 2468 hostium
1246 2411 1486 2483 perfidia
1515 2451 1535 2482 ,
1584 2426 1644 2470 et
1696 2413 1755 2468 vi
1810 2419 2203 2492 tempestatis,

277 2490 280 2496 '
365 2505 580 2562 puncto
614 2495 892 2566 temporis
931 2492 1175 2547 interiit.
1207 2490 1605 2549 Tentaverunt
1638 2493 1747 2549 hoe
1789 2493 1945 2550 idem
1976 2495 2201 2553 Massi-

363 2569 572 2626 lienses
616 2587 846 2644 postero
887 2573 984 2628 die
1017 2573 1277 2647 eamdem
1314 2576 1469 2631 nacti
1504 2586 1906 2646 tempestatem
1933 2593 1955 2647 3
1986 2577 2201 2652 maJori

363 2665 494 2704 cum
527 2649 734 2707 fiducia
773 2653 845 2706 ad
874 2655 1118 2708 alteram
1163 2667 1379 2709 turrem
1411 2693 1431 2724 ,
1473 2669 1851 2728 aggeremque
1880 2657 2197 2724 eruptione

361 2719 800 2804 p'ugnaverunt3
829 2735 1178 2805 multumque
1209 2734 1397 2806 ignem
1428 2733 1759 2788 intulerunt.
1782 2732 1893 2788 Sed
1919 2748 1983 2790 ut
2011 2753 2196 2810 supe-

359 2813 536 2866 rioris
568 2813 844 2882 temporis
873 2813 1304 2867 contentionem
1336 2814 1513 2868 nostri
1544 2829 1773 2868 omnem
1804 2815 2191 2890 remiserant,

355 2889 444 2946 ita
477 2891 725 2965 proximi
762 2891 883 2946 diei
931 2905 1063 2946 casu
1103 2890 1389 2948 admoniti
1429 2893 1622 2948 omnia
1665 2893 1739 2953 ad
1788 2891 2189 2954 defensionem

409 3117 695 3174 ,1,¹;,Portt’.r
713 3130 766 3164 se
778 3117 926 3170 ⁸>foras
943 3113 1239 3175 erumpunt.)
1300 3114 1494 3164 bellum
1524 3127 1579 3164 se
1613 3115 1803 3181 erupit.
1836 3119 1899 3166 Et
1936 3117 2191 3181 Virgilius

355 3176 506 3234 Bene,
532 3191 651 3226 nam
679 3189 732 3227 et
755 3177 1082 3228 transitivum
1113 3193 1237 3226 ver·
1300 3181 1485 3240 Θεοῖς.
1526 3190 1574 3227 1.
1602 3191 1722 3240 445.

353 3237 476 3287 bum
505 3253 581 3288 est
616 3252 844 3300 erumpo.
873 3243 1058 3290 Coelius
1095 3242 1239 3289 Cice-
1409 3275 1424 3292 .
1454 3277 1467 3289 .
1492 3275 1506 3288 .
1531 3245 1679 3295 densa
1722 3247 1851 3293 inter
1878 3249 2036 3294 nubila
2070 3260 2187 3298 sm

351 3298 470 3350 roni
513 3303 632 3351 libr.
681 3316 811 3353 vsu.
837 3304 992 3366 epist.
1021 3317 1136 3354 xiv.
1164 3305 1237 3354 ad.
1426 3309 1631 3358 Diversi
1650 3319 1903 3368 verumpent
1930 3312 2072 3366 radii.
2106 3336 2109 3342 ·
