2459 3834
506 134 549 211 5
562 134 597 189 2
612 136 658 211 4
980 134 1083 189 m!
1132 134 1372 193 numo
1425 132 1805 199 armcimo

502 232 631 273 erat
660 226 1041 290 consecutus,
1070 234 1202 274 nam
1242 232 1304 276 et
1353 219 1573 277 milites
1618 218 1830 284 bestias
1873 217 2136 277 manibus
2189 238 2326 297 per-

499 296 873 368 tractabant,
918 313 1223 371 earumque
1264 297 1598 356 tarditatem
1627 299 2045 373 cognoscebant
2076 321 2099 374 3
2159 303 2331 375 equi-

502 386 701 451 tesque
729 376 789 435 in
818 392 917 433 eas
942 380 1003 421 99
1036 377 1154 450 pua
1200 380 1496 453 praepilata
1543 377 1925 452 conjiciebant
1948 418 1968 449 ,
2020 392 2204 454 atque
2257 384 2328 443 in

502 456 969 519 consuetudinem
1014 472 1188 532 equos
1237 459 1520 532 patientia
1567 458 1877 513 bestiarum
1925 460 2319 519 adduxerant.

382 538 462 601 73
502 532 595 593 Ob
639 536 742 592 has
770 553 1003 609 causas,
1032 553 1170 611 quas
1218 555 1388 613 supra
1432 540 1919 609 commemoravi,
1946 538 2328 602 sollicitaba-

497 629 591 673 tur
640 614 873 689 Caesar,
921 617 1291 691 tardiorque,
1335 631 1397 674 et
1443 616 1860 674 consideratior
1916 631 2043 673 erat
2071 618 2320 691 tactus,

492 708 555 754 et
576 712 647 757 ex
670 695 914 769 pristina
934 696 1183 753 bellandi
1208 698 1615 754 consuetudine
1634 736 1654 767 ,
1683 698 2090 777 celeritateque
2111 714 2325 755 exces-

491 788 669 835 serat.
695 774 824 832 Nec
851 777 1058 831 mirum
1082 778 1319 850 :copias
1348 777 1502 833 enim
1533 776 1777 833 habebat
1826 778 1886 833 in
1935 776 2129 834 Gallia
2171 777 2320 833 bel-

489 856 613 911 lare
642 868 941 912 consuetas
970 857 1113 914 locis
1139 856 1552 929 campestribus
1570 896 1590 927 ,
1634 870 1693 917 ct
1723 870 1924 915 contra
1953 856 2154 913 Gallos
2187 857 2318 913 ho·

490 936 677 991 mines
706 948 937 1009 apertos
961 975 982 1007 ,
1030 936 1378 1009 minimeque
1427 936 1732 994 insidiosos
1756 977 1776 1008 ‚
1821 933 1917 1009 qui
1971 954 2071 1009 per
2101 936 2320 993 virtu-

484 1026 656 1088 ¹tem,
704 1032 817 1072 uon
848 1032 947 1089 per
974 1015 1164 1075 dolum
1203 1016 1484 1077 dimicare
1531 1027 1963 1074 consueverunt,
2003 1016 2153 1079 Tum
2193 1033 2320 1076 an-

486 1106 611 1152 tem
638 1108 765 1151 erat
794 1095 850 1153 ei
891 1094 1304 1167 laborandum,
1347 1109 1409 1152 ut
1452 1096 1880 1166 consuefaceret
1927 1096 2144 1157 milites
2189 1096 2318 1154 ho-

486 1176 665 1232 stium
695 1176 856 1232 dolos
874 1212 896 1245 ,
924 1174 1163 1237 insidias
1181 1214 1203 1247 ,
1229 1172 1482 1233 artificia
1512 1191 1856 1249 cognoscere
1876 1214 1897 1247 ,
1924 1186 1985 1230 et
2031 1176 2170 1249 quid
2200 1193 2316 1232 se-

486 1256 585 1329 qui
608 1294 631 1326 ,
658 1255 795 1330 quid
843 1254 1033 1313 vitare
1076 1255 1432 1325 conveniret.
1483 1254 1685 1328 Itaque
1723 1271 1835 1329 quo
1885 1255 2006 1314 haec
2056 1255 2311 1318 celerius

446 1334 901 1407 -conciperent‚
951 1332 1127 1401 dabat
1169 1350 1444 1409 operam,
1492 1348 1555 1393 ut
1623 1334 1876 1409 legiunes
1916 1351 2029 1392 non
2069 1334 2131 1389 in
2191 1351 2310 1398 uno

444 1428 448 1433 ·
483 1415 615 1473 loco
644 1415 1009 1471 continerent
1030 1453 1051 1486 ‚
1077 1413 1176 1470 sed
1209 1432 1310 1487 per
1339 1429 1566 1474 causam
1586 1412 1969 1472 frumentandi
1992 1453 2015 1486 ,
2043 1413 2151 1478 huc
2167 1454 2187 1485 ,
2213 1426 2310 1470 at-

368 1856 449 1962 ·1'4

484 1511 595 1569 que
645 1496 780 1567 illuc
832 1505 1131 1567 raptaret:
1184 1494 1316 1554 ideo
1365 1494 1514 1569 quod
1564 1492 1817 1551 hostium
1869 1494 2066 1567 copias
2107 1494 2178 1554 ab
2219 1511 2304 1567 se,

450 1636 459 1639 ‚
484 1591 698 1648 suoque
727 1574 975 1648 vestigio
1006 1590 1119 1630 non
1163 1573 1508 1631 discessuras
1535 1573 1923 1636 existimabat.
1955 1572 2146 1647 Atque
2172 1590 2304 1646 post

482 1653 639 1710 diem
698 1670 828 1709 111.
882 1653 1187 1727 productas
1237 1654 1561 1712 accuratius
1608 1670 1734 1709 suas
1765 1653 2168 1725 copias,sicnt
2217 1656 2311 1710 in-

483 1746 771 1791 struxerat
796 1773 817 1806 ,
849 1746 1081 1807 propter
1132 1733 1388 1789 hostium
1429 1745 1620 1789 castra
1662 1745 2120 1807 praetergressus,
2149 1751 2313 1807 aequo

484 1816 611 1873 1000
663 1815 876 1869 invitat
923 1815 994 1869 ad
1046 1814 1455 1869 dimicandum.
1491 1811 1800 1886 Postquam
1842 1808 1949 1867 eos
1985 1812 2301 1869 abherrore

486 1896 689 1965 videt,
730 1892 952 1951 reducit
976 1894 1075 1951 sub
1109 1910 1404 1966 vesperum
1447 1893 1696 1967 legiones
1735 1893 1794 1947 in
1838 1904 2046 1947 castra.
2111 1892 2301 1967 Lega-

483 1975 531 2029 ti
584 1974 819 2029 interim
864 1975 956 2015 100
1008 1988 1078 2031 ex
1118 1972 1330 2045 oppido
1363 1972 1596 2043 Vacca,
1643 1973 1794 2046 quod
1823 1970 2136 2027 finitimum
2187 1974 2303 2033 fuit

482 2052 707 2127 Zettae,
752 2049 903 2126 cujus
952 2049 1238 2108 Caesarem
1281 2052 1528 2122 potitum
1582 2050 1703 2107 ‘esse
1760 2051 2305 2126 demonstravimus,

481 2134 765 2189 veniunt:
831 2143 1079 2205 petunt,
1127 2143 1189 2186 et
1247 2132 1592 2205 obsecrant,
1649 2143 1756 2201 „ut
1804 2130 1918 2185 sibi
1971 2130 2304 2204 praesidium

483 2214 724 2271 mittat:
776 2228 839 2269 se
888 2228 978 2270 res
1027 2212 1388 2283 complures,
1423 2229 1543 2285 quae
1572 2212 1742 2267 utiles
1781 2209 1932 2265 bello
1971 2211 2132 2282 sint,
2185 2212 2304 2267 ad-

488 2294 935 2352 ministraturos.
988 2290 1099 2346 Per
1167 2291 1229 2345 id
1288 2285 1548 2363 tempus,
1596 2293 1618 2325 ¹
1677 2288 1934 2346 Deorum
1981 2293 2308 2366 voluntate,

488 2375 791 2447 studioque
831 2383 967 2446 erga
996 2368 1334 2435 caesas-cmv
1372 2370 1659 2445 transfuga
1677 2386 1805 2425 suos
1825 2370 1982 2425 cives
1997 2369 2142 2427 facit
2163 2386 2308 2429 cet-

488 2454 710 2526 tiores,
761 2452 968 2527 Jubam
1000 2466 1193 2527 regem
1232 2452 1503 2510 celeriter
1544 2466 1674 2507 cum
1701 2449 1886 2522 copiis
1917 2450 2033 2506 suis
2056 2491 2077 2522 ,
2121 2462 2306 2506 ante-

476 2587 481 2594 ‘
514 2596 587 2650 99
610 2590 733 2635 ,Pila
769 2550 1088 2644 praepktata.)
1112 2586 1227 2630 Non
1266 2595 1362 2635 cu-
1425 2581 1736 2642 atqueitain
1753 2579 1926 2629 Africa
1943 2582 2310 2641 propria.·Alia

488 2651 633 2713 apide
647 2646 871 2711 praefixa‚
881 2646 971 2699 sed.
987 2646 1165 2694 obtuso
1177 2646 1364 2695 acumi·
1425 2656 1544 2706 ergo
1565 2641 2016 2701 vaccaNumidiae‚
2033 2642 2206 2694 forum
2225 2661 2312 2695 re-

391 2768 396 2773 ,
489 2728 581 2775 ne,
607 2723 659 2761 et
682 2712 841 2763 instar
860 2709 977 2771 pilae
1000 2709 1229 2757 rotunda.
1249 2709 1364 2757 Pli·
1427 2720 1541 2755 rum
1566 2708 1824 2759 venalium
1852 2707 2006 2755 totius
2030 2708 2168 2769 tegni
2189 2744 2206 2767 ‚
2239 2710 2308 2759 de

490 2778 604 2831 nius
627 2780 659 2824 Ι.
683 2790 761 2826 tx.
788 2787 869 2834 30.
888 2774 951 2822 de
974 2775 1178 2823 locustae
1204 2772 1368 2822 mati·
1431 2783 1530 2831 qua
1557 2773 1735 2824 salust.
1764 2770 1996 2831 Jugurth.
2035 2782 2084 2819 2.
2125 2785 2214 2833 47.
2257 2781 2315 2821 et

494 2854 575 2893 nae
603 2838 837 2889 cornibus
860 2872 874 2890 ,
898 2847 1013 2884 sunt
1050 2838 1248 2893 propria
1275 2852 1364 2883 ro-
1431 2832 1574 2883 alibi.
1896 2837 1901 2848 '
2017 2882 2020 2885 ,

488 2907 737 2955 ‚tunditate
747 2904 1030 2959 praepizata.
1054 2902 1114 2946 Et
1135 2897 1367 2959 Quincti-
1464 2908 1492 2944 1
1527 2904 1732 2952 Deorum
1754 2901 2004 2945 voluntate
2025 2932 2040 2955 ‚
2058 2900 2316 2959 studioque

492 2967 659 3016 lianus
686 2967 724 3013 l.
754 2979 803 3013 v.
832 2976 911 3011 12.
942 2964 1368 3011 Declamatiom'bus
1429 2974 1546 3018 erga
1583 2966 1863 3018 Casuram.)
1891 2961 2150 3015 Glossema
2192 2960 2314 3011 haec

494 3029 1021 3089 ad‘pugnamforensem
1036 3031 1171 3073 velut
1184 3030 1367 3083 praepi-
1431 3023 1585 3071 verba
1599 3022 1792 3082 Lipsius
1810 3024 1964 3071 Elect.
1990 3034 2012 3071 1
2025 3034 2068 3070 1.
2081 3034 2165 3069 22.
2181 3036 2320 3071 cen-

494 3098 603 3141 lata
621 3092 829 3141 exerceri
850 3092 1127 3136 solebamus.
1141 3087 1368 3147 Lipsium
1433 3094 1539 3147 set3
1568 3085 1738 3145 inepte
1762 3086 1901 3139 enim
1943 3086 2132 3137 intrusa
2170 3096 2316 3147 sunt,

492 3156 607 3217 lege
633 3154 893 3210 Polior-cel.
912 3153 947 3197 1.
971 3166 1046 3198 nr.
1074 3149 1260 3211 dialog.
1293 3165 1370 3199 ιν.
1433 3162 1523 3197 nec
1550 3162 1667 3195 cum
1687 3148 1882 3201 caeteris
1904 3149 2178 3199 cobaerent.

540 3230 637 3265 100
671 3224 749 3265 Ex
774 3217 944 3275 orgialo
973 3214 1170 3264 Vacca.)
1196 3218 1370 3274 Neque
1459 3223 1491 3261 2
1523 3216 1804 3267 Transfuga
1832 3228 1946 3261 suos
1967 3213 2145 3265 cives.)
2171 3216 2318 3260 Vac-

497 3278 565 3343 de
592 3280 687 3330 hoc
716 3280 903 3337 oppido
944 3282 1087 3337 plura
1122 3285 1370 3335 coustant,
1431 3288 1598 3324 cemes
1622 3277 1812 3336 lrgatos
1830 3311 1845 3335 ,
1871 3274 1956 3337 qui
1981 3278 2320 3326 cumcoesa-

498 3354 657 3403 quam
684 3341 962 3390 finitimum
1001 3339 1155 3389 fuisse
1195 3345 1368 3400 zenae,
1434 3350 1488 3387 re
1521 3348 1688 3387 etant.

2429 412 2444 481 4⁴

2441 634 2443 723 i

2439 738 2444 773 ἑ

2430 798 2444 1327 i

2437 1338 2444 1749 ι
