2459 3834
359 132 362 140 ¹
433 46 578 147 178
990 62 1093 117 »Β
1128 62 1375 115 nuno
1402 60 1732 116 cunco

421 148 497 203 de
517 144 844 217 deditione,
874 158 1034 199 arma
1059 143 1323 216 proferri,
1349 146 1603 215 jumenta
1632 140 1889 215 produci,
1905 158 1997 199 nc.
2022 136 2262 203 obsides

421 229 554 283 dari
571 220 744 302 jubet.
767 228 855 281 Ea
877 225 972 299 qui
995 222 1327 295 conficeret,
1346 220 1413 278 C.
1431 222 1782 277 Trebonium
1802 224 2051 297 legatum
2073 226 2263 279 relin-

422 308 570 383 quit.
593 306 720 380 Ipse
741 319 799 360 ut
831 303 1251 377 quamprimum
1290 304 1403 359 iter
1448 303 1691 374 faceret,
1710 301 2007 357 Genabum
2030 300 2265 375 Carnu-

422 399 550 457 tum
574 384 978 458 proficiscitur,
1001 384 1100 457 qui
1126 396 1259 439 tunc
1286 384 1529 455 primum
1550 387 1727 439 allato
1750 383 1953 437 nuntio
1975 383 2047 437 de
2065 400 2262 457 oppu-

421 468 698 540 gnatione
723 464 1164 535 Vellaunoduni,
1183 481 1310 519 cum
1344 464 1569 537 longius
1598 480 1725 519 eam
1752 480 1873 517 rem
1908 462 2139 518 ductum
2168 463 2265 521 iri

424 546 847 614 existimarent,
870 544 1190 617 praesidium
1203 542 1430 599 Genabi
1446 543 1639 599 tuendi
1658 558 1849 634 cause,
1860 544 2010 615 quod
2032 558 2102 597 eo
2121 542 2265 599 mit⁴

425 636 642 695 terent,
663 623 1090 696 comparabant.
1113 624 1241 679 Huc
1260 624 1435 679 biduo
1455 620 1645 678 Caesar
1662 622 1947 695 pervenit,
1960 635 2019 678 et
2042 622 2263 683 castris

422 718 564 759 ante
595 706 866 777 oppidum
892 704 1116 775 positis,
1135 705 1257 759 diei
1290 717 1545 776 tempore
1574 705 1851 773 exclusus,
1878 702 1939 755 in
1962 718 2263 775 posterum

420 787 904 858 oppugnationem
926 781 1458 857 differunt3quaeque
1478 785 1549 836 ad
1572 800 1698 838 eam
1722 798 1843 837 rem
1866 783 1950 839 usi
1968 784 2084 837 sin‘t
2107 782 2263 839 mili.

421 864 598 935 tibus,
620 865 902 935 imperate,
930 875 989 917 et
1021 866 1170 937 quod
1197 860 1791 935 oppidumGenabum
1824 862 2259 935 pon5.fiuminis

420 940 650 1017 Ligeris
679 942 1073 1017 contingebat,
1095 944 1333 1013 veritus,
1356 960 1426 997 ne
1448 955 1619 999 noctu
1642 959 1711 999 ex
1731 939 1945 1015 oppido
1970 942 2259 1017 profuge·-

419 1037 554 1078 reat
580 1062 600 1094 ,
629 1042 693 1078 11.
733 1023 986 1097 legiones
1027 1022 1089 1077 in
1137 1024 1313 1077 armis
1353 1024 1631 1079 excubare
1667 1022 1840 1097 jubet.
1884 1023 2261 1081 Genabenses

423 1106 614 1177 paullo
633 1117 764 1157 ante
791 1103 1040 1157 mediam
1065 1116 1293 1157 noctem
1314 1102 1548 1163 silentio
1578 1120 1648 1160 ex
1667 1103 1881 1176 oppido
1910 1104 2122 1177 egressi
2145 1102 2255 1159 flu·

421 1198 555 1237 men
578 1183 824 1239 transire
852 1198 1162 1253 coeperunt.
1187 1180 1315 1255 Qua
1346 1200 1409 1237 re
1429 1200 1531 1255 per
1551 1187 1941 1256 exploratores
1961 1184 2259 1257 nuntiata,

421 1258 614 1317 Caesar
637 1264 910 1337 legiones,
930 1278 1066 1334 quas
1087 1262 1387 1334 expeditas
1406 1280 1529 1319 esse
1547 1263 1811 1337 jusserat,
1830 1264 2015 1335 portis
2038 1264 2263 1317 incen-

421 1340 522 1413 sis,
537 1341 1084 1415 in'tromittit‚atque
1095 1343 1308 1413 oppido
1332 1343 1575 1415 potitur,
1588 1346 1884 1415 perpaucis
1904 1360 1971 1399 ex
1997 1342 2259 1399 hostium

419 1417 660 1480 numero
705 1422 1079 1493 desideratis,
1120 1423 1255 1495 quin
1288 1423 1480 1479 cuncti
1513 1436 1885 1495 caperentur,
1912 1422 2059 1495 quod
2090 1439 2258 1495 ponf-

415 1501 499 1556 tis
523 1540 543 1572 ,
573 1514 744 1575 atque
784 1500 1055 1557 itinerum
1087 1504 1359 1574 angustiae
1392 1503 1776 1557 multitudinis
1816 1502 2009 1575 fugam
2048 1501 2263 1557 inter-

416 1584 722 1635 cluserant.
773 1576 1066 1651 Oppidum
1115 1580 1320 1654 diripit
1342 1622 1361 1652 ,
1414 1596 1585 1655 atque
1642 1582 1900 1637 incendit
1925 1621 1948 1652 ,
1998 1576 2259 1653 praedam

415 1659 698 1714 militibus
724 1660 939 1717 donat:
971 1660 1285 1715 exercitum
1308 1660 1567 1737 Ligerim
1591 1662 1907 1717 transducit
1928 1700 1948 1733 ,
1976 1675 2147 1735 atque
2182 1661 2255 1715 in

415 1736 745 1813 Biturigum
775 1737 916 1794 fines
949 1743 1232 1812 pervenit.

1020 1893 1652 1977 cAPuT‚vm

415 2053 890 2139 Vercingetorix
909 2052 1130 2113 Caesari
1171 2058 1439 2113 occurrit.
1490 2054 1776 2131 Oppidum
1800 2056 2138 2139 Biturigum
2174 2076 2255 2117 se

413 2132 638 2199 Caesari
660 2136 862 2209 dedit,
885 2136 991 2191 red
997 2147 1227 2209 postea,
1249 2139 1375 2193 viso
1396 2138 1640 2197 hostium
1654 2140 1936 2215 equitatu,
1959 2156 2115 2215 quem
2136 2150 2257 2211 op-

404 2218 555 2289 pida
577 2218 638 2271 ni-
679 2218 738 2271 in
760 2216 1039 2271 auxilium
1061 2219 1264 2272 venire
1284 2218 1667 2289 opinabantur
1686 2258 1709 2290 ,
1736 2236 1892 2273 arma
1920 2230 2253 2277 sumuntur·

493 2294 694 2354 Caesar
722 2306 987 2373 equestre
1006 2294 1271 2369 praelium
1292 2298 1599 2353 committit
1617 2336 1645 2369 „
1672 2298 1766 2354 cui
1796 2300 2025 2360 tandem
2052 2310 2155 2370 op-

929 2377 1138 2447 pidani
1166 2392 1231 2432 se
1252 2393 1451 2433 rursus
1480 2378 1716 2435 dedunt.

1434 2496 1455 2521 0

261 2529 378 2574 ⁴¹²
502 2470 1051 2609 Vercingetorix,
1095 2534 1192 2613 ubi
1235 2535 1307 2590 de
1356 2532 1598 2591 Caesaris
1648 2536 1898 2591 adventu
1938 2538 2255 2613 cognovit,

409 2617 836 2689 oppugnatione
882 2613 1112 2670 desistit
1143 2655 1164 2686 ,
1214 2629 1389 2688 atque
1441 2616 1671 2673 obviam
1714 2614 1926 2671 Caesari
1989 2614 2249 2689 profici-

405 2697 606 2749 scitur.
639 2696 742 2749 Ille
790 2697 847 2737 ¹⁵
902 2694 1172 2766 oppidum
1193 2684 1519 2769 Biturigum
1554 2698 1797 2767 p'ositum
1848 2698 1909 2751 in
1946 2697 2045 2751 via
2092 2696 2251 2753 No·-

355 2816 359 2821 .
405 2773 720 2831 viodunum
772 2789 1101 2847 oppugnare
1150 2774 1501 2838 instituerat.
1550 2774 1681 2847 Quo
1732 2794 1801 2829 ex
1848 2777 2061 2849 oppido
2100 2793 2249 2833 cum

402 2854 585 2927 legati
607 2857 680 2909 ad
701 2871 828 2911 eum
855 2854 1138 2911 venissent
1149 2891 1170 2923 ,
1201 2866 1426 2914 oratum
1443 2894 1462 2924 ,
1481 2866 1545 2909 ut
1565 2856 1675 2911 sibi
1698 2856 2051 2930 ignosceret,
2080 2874 2248 2913 suae-

401 2952 514 3007 que
545 2935 678 2988 vitae
719 2936 1039 2989 consuleret
1061 2973 1079 3002 ,
1123 2946 1181 2987 ut
1212 2936 1512 2988 celeritate
1554 2936 1805 3009 reliquas
1836 2952 1927 2990 res
1967 2934 2247 2993 confice-

401 3026 526 3085 ret,
556 3030 667 3087 qua
699 3018 963 3087 pleraque
992 3026 1119 3107 enat
1150 3028 1512 3085 consecutuS‚
1544 3030 1705 3071 arma
1736 3010 1983 3087 proferri
2005 3054 2026 3086 ,
2056 3033 2249 3088 equos

471 3218 549 3268 ις
600 3211 828 3264 oppidum
857 3212 1157 3270 Biturigum,
1187 3210 1571 3265 Noviodunum.)
1600 3212 1763 3273 Pagus
1801 3210 1956 3260 hodie
1979 3188 2255 3278 ‚⁸Neusvy
2293 3182 2305 3193 ⁶

407 3280 522 3319 tous
549 3274 808 3331 Baranjon.
997 3288 1002 3293 ’
