2459 3834
435 85 538 187 36
975 112 1078 165 ΒΕ
1125 112 1371 168 nuzo
1417 104 1753 164 Guuco

1006 270 1355 333 CAPUT
1434 266 1691 327 1111.

433 429 766 510 Equitatur
789 428 1012 491 Ariov.
1029 446 1214 510 prope
1234 432 1511 493 tumulum
1534 430 1787 504 accedit,
1807 429 2063 491 Caexem‘r
2089 449 2283 493 exer·

431 514 614 570 citum
657 509 982 587 infestans:
1025 514 1371 573 Ariovistus
1398 514 1637 594 legatos
1671 512 1753 571 ad
1786 511 2077 573 Caesarent
2112 516 2281 573 nit-

553 594 639 651 tit
654 630 679 667 ‚
715 603 781 653 et
821 590 1021 653 Cesar
1059 596 1140 655 ad
1171 594 1555 653 Ariovistum
1572 633 1593 666 ,
1620 590 1717 670 qui
1747 595 1881 665 ejus
1904 592 2144 675 legatos

1031 676 1108 747 iu·
1131 676 1369 735 vincula
1398 674 1661 752 conjicit.

311 914 398 990 46
515 853 744 978 Dum
773 916 895 973 haec
931 918 996 974 iu
1021 916 1311 989 colloquio
1348 928 1627 991 geruntur
1643 958 1665 990 ,
1688 914 1905 977 Caesari
1938 918 2275 979 nuntiatum

429 1007 560 1068 est,
587 999 813 1071 equites
849 996 1140 1059 Ariovisti
1173 998 1415 1069 propius
1437 1002 1715 1057 tumulum
1752 996 2027 1055 accedere
2048 1036 2069 1068 ‚
2096 1012 2159 1055 et
2190 998 2277 1056 ad

429 1090 661 1133 nostros
689 1077 1028 1154 adequitare
1049 1117 1070 1150 ,
1097 1076 1321 1149 lapides
1338 1115 1363 1147 ,
1390 1082 1617 1153 telaque
1636 1079 1699 1137 in
1730 1091 1957 1137 nostros
1993 1078 2266 1153 conjice-

426 1170 514 1211 re.
562 1154 752 1213 Caesar
783 1158 1051 1232 loquendi
1103 1154 1279 1213 finem
1308 1155 1493 1229 fecit,
1520 1176 1694 1235 seque
1736 1156 1811 1213 ad
1841 1172 1970 1215 suos
2004 1159 2259 1231 recepit:

425 1235 656 1313 suisque
687 1238 1034 1312 imperavit,
1053 1254 1126 1293 ne
1155 1236 1305 1310 quod
1336 1238 1573 1297 omniuo
1604 1242 1780 1297 telum
1807 1238 1871 1293 in
1899 1236 2095 1295 hostes
2116 1237 2269 1312 reji-

425 1330 670 1375 cerent:
721 1334 886 1391 nam,
931 1318 1044 1377 etsi
1083 1317 1210 1373 siue
1265 1318 1379 1373 ullo
1426 1318 1681 1389 periculo
1724 1316 1971 1392 legionis
2009 1316 2265 1373 delecta

425 1398 796 1459 commissum
826 1414 958 1457 cum
994 1397 1257 1473 equitatu
1300 1398 1559 1469 praelium
1598 1396 1727 1454 fore
1758 1394 2032 1457 videbat:
2060 1409 2265 1455 tamen

425 1479 904 1539 committendum
945 1494 1060 1535 non
1103 1476 1341 1551 putabat
1361 1516 1383 1548 ,
1424 1490 1530 1548 ut,
1568 1478 1747 1549 pulsis
1786 1475 2046 1535 hostibus
2065 1515 2087 1547 ,
2136 1477 2265 1535 dici

423 1570 624 1690 {osset
651 1597 672 1627 ‚
715 1575 814 1615 eos
845 1575 882 1613 a
926 1574 990 1613 se
1017 1573 1118 1630 per
1159 1554 1333 1612 fidem
1373 1556 1437 1611 iu
1484 1558 1773 1633 colloquio
1806 1558 2261 1615 circumventos.

476 1648 808 1711 osteaquam
831 1633 890 1678 ⁸²
921 1637 986 1692 in
1013 1638 1213 1709 vulgus
1242 1636 1495 1693 militum
1524 1639 1767 1695 relatum
1787 1649 1877 1691 est
1894 1674 1917 1707 ,
1943 1652 2053 1710 qua
2080 1652 2263 1693 arro-

425 1717 628 1789 gantia
657 1718 716 1777 in
746 1717 1033 1795 colloquio
1062 1716 1393 1772 Ariovistus
1423 1733 1593 1789 usus,
1611 1718 1771 1774 omui
1799 1713 1997 1777 Gallia
2028 1714 2261 1775 Roma-

424 1796 521 1853 nis
548 1797 980 1869 interdixissetg,
999 1798 1391 1871 impetumque
1422 1797 1483 1851 in
1522 1811 1749 1857 nostros
1776 1795 1895 1871 ejus
1920 1795 2145 1869 equites
2168 1796 2263 1852 fe-

425 1876 676 1951 cisseut3
701 1894 882 1951 eaque
912 1894 1003 1933 res
1032 1876 1379 1949 colloquium
1410 1888 1473 1931 ut
1502 1876 1854 1947 diremisset,
1872 1878 2057 1935 multo
2074 1874 2259 1950 major

423 1957 698 2013 alacritas
717 1996 740 2027 ‚
767 1956 1134 2030 studiumque
1161 1955 1447 2031 pugnandi
1468 1956 1647 2031 majus
1674 1955 1955 2015 exercitui
1978 1952 2255 2030 injectum

423 2048 536 2091 est.
574 2036 762 2095 Biduo
801 2049 930 2109 post
961 2035 1291 2095 Ariovistus
1340 2037 1560 2109 legatos
1601 2036 1677 2093 ad
1723 2035 2011 2095 Caesarem
2040 2035 2257 2109 mittit,

422 2116 573 2171 velle
601 2132 666 2175 se
689 2115 763 2172 de
803 2117 897 2173 his
922 2116 1129 2186 rebus,
1157 2130 1279 2189 quae
1320 2114 1477 2175 inter
1524 2132 1623 2173 eos
1664 2118 1761 2191 agi
1797 2129 2000 2195 coeptae
2020 2154 2043 2187 ‚
2074 2132 2257 2189 neque

421 2194 692 2276 perfecte
713 2209 928 2269 esseut,
953 2212 1128 2271 agere
1153 2212 1285 2253 cum
1306 2211 1413 2253 eo:
1440 2195 1527 2251 uti
1552 2197 1764 2257 iterum
1786 2195 2075 2269 colloquio
2092 2196 2253 2251 diem
2436 2160 2447 2407 Ι

421 2276 842 2350 constitueret3
868 2289 1004 2351 aut,
1034 2277 1086 2337 si
1113 2275 1177 2330 id
1205 2274 1391 2333 miuus
1424 2278 1597 2333 vellet
1617 2316 1637 2347 ,
1658 2292 1731 2337 ex
1756 2274 1873 2335 suis
1905 2275 2113 2349 legatis
2138 2274 2257 2330 ali·-

303 2351 384 2416 47
423 2372 594 2430 quem
623 2356 696 2413 ad
725 2373 786 2413 se
817 2356 1102 2417 mitteret.
1132 2352 1513 2427 colloquendi
1542 2352 1757 2415 Caesari
1786 2371 1955 2415 causa
1986 2354 2113 2410 visa
2136 2370 2254 2415 non

421 2448 514 2491 est
533 2475 554 2508 ,
582 2446 647 2492 at
665 2452 736 2494 eo
767 2434 981 2511 magis,
999 2436 1150 2511 quod
1174 2434 1362 2507 pridie
1388 2434 1508 2509 ejus
1532 2435 1653 2491 diei
1694 2432 1971 2496 Germani
2007 2434 2252 2489 retineri

419 2530 540 2572 non
571 2526 877 2588 potuerant
897 2555 918 2588 ,
948 2516 1086 2592 quin
1116 2515 1178 2569 iu
1221 2527 1451 2572 nostros
1492 2518 1609 2571 tela
1652 2512 2025 2594 conjicerent.
2064 2511 2258 2587 Lega-

418 2606 547 2653 tum
574 2609 646 2653 ex
675 2596 789 2653 suis
820 2610 944 2667 sese
974 2610 1182 2671 magno
1212 2610 1343 2649 cum
1375 2593 1631 2666 periculo
1657 2593 1731 2649 ad
1773 2609 1901 2653 eum
1931 2593 2261 2666 missurum,

417 2688 482 2733 et
503 2672 831 2749 homiuibus
859 2675 999 2733 feris
1029 2672 1447 2749 subjecturum,
1474 2673 1865 2735 existimabat.
1887 2668 2259 2729 Commodis-

419 2756 630 2813 simum
679 2754 868 2812 visum
895 2767 1023 2827 est,
1052 2752 1142 2809 M.
1177 2752 1481 2813 Valerium
1520 2751 1874 2817 Procillum.
1904 2750 1978 2808 C.
2020 2750 2252 2821 Valerii

417 2833 637 2893 Caburi
667 2833 735 2891 F.
769 2850 986 2892 summa
1017 2835 1237 2890 virtute
1256 2872 1277 2906 ‚
1308 2845 1369 2887 et
1410 2832 1769 2901 humanitate
1806 2832 2261 2905 adolescentem,
2444 2840 2446 2893 ;

417 2914 608 2991 (cujus
639 2927 804 2989 pater
835 2931 868 2971 a
907 2912 976 2971 C.
1004 2910 1248 2971 Valerio
1276 2910 1486 2969 Flacco
1515 2914 1759 2971 civitate
1806 2913 2050 2973 donatus
2089 2918 2251 2983 erat)

419 3007 484 3067 et
525 3008 760 3069 propter
809 2992 982 3051 fidem
999 3033 1022 3067 ,
1049 3006 1112 3050 et
1143 3004 1383 3066 propter
1411 2993 1615 3068 linguae
1644 2990 1887 3051 Gallicae
1926 2990 2249 3063 scientiam,
2432 2991 2445 3266 1

483 3194 551 3242 82
581 3198 641 3241 In
663 3194 844 3251 vulgus
860 3193 1063 3238 militum
1082 3189 1301 3243 elatum.)
1369 3200 1451 3248 13.
1476 3196 1645 3239 noster
1676 3193 1725 3237 in
1746 3196 1931 3251 vulgus
1962 3192 2148 3243 efferri.
2191 3190 2252 3237 Et

418 3256 556 3307 Bene
581 3260 759 3305 etatum
784 3253 1060 3302 secundum
1080 3256 1211 3301 MSS.
1234 3252 1301 3299 li·
1364 3252 1591 3311 Tacitus,
1624 3266 1724 3303 ιιι.
1751 3263 1837 3303 21.
1858 3258 1996 3303 elata
2017 3266 2119 3301 vox
2145 3254 2249 3313 eju-r

417 3318 574 3369 bros:
608 3326 711 3367 non
737 3321 959 3367 relatum.
985 3318 1050 3364 Et
1089 3314 1177 3363 lib.
1220 3328 1300 3365 vx.
1363 3318 1413 3365 in
1442 3322 1659 3379 vulgum.
