2459 3834
468 30 639 123 ‚342
999 39 1102 99 na
1139 44 1397 105 natm
1437 44 1765 101 caturco
1998 90 2005 97 .

459 114 670 203 Ἐρῶ,
723 144 836 203 quo
859 166 880 200 ,
945 128 1076 201 lege
1139 127 1472 200 communi,
1528 142 1755 183 omues·
1784 122 2021 199 puberes
2088 130 2319 189 armati

489 210 800 273 conuenire
857 219 1180 281 coguntur-3
1219 221 1280 265 et
1334 209 1433 282 qui
1492 224 1576 291 exx
1606 207 1681 262 iis
1732 208 2070 265 novissimus
2122 210 2321 283 venit,

425 342 428 349 .
487 290 552 349 in
595 294 901 361 conspeetu
941 288 1327 345 multitudinis
1374 288 1635 347 omuibus
1674 289 2020 345 cruciatibus
2058 286 2325 347 affectus

489 385 746 435 necatur.
789 369 859 427 In
899 384 969 425 eo
1009 367 1259 425 concilio
1300 366 1777 443 Cingetorigem,
1818 368 2057 427 alterius
2092 370 2325 441 princi-

457 468 626 525 :pem
646 448 958 519 factionis,
995 464 1265 521 generum
1308 464 1467 505 sunm
1490 488 1509 518 ,
1548 464 1715 523 quem
1758 464 1927 519 supra
1946 450 2324 509 demonstra-

491 531 680 589 vimus
730 524 974 589 Caesaris
1023 542 1277 586 secutum
1336 526 1507 585 fidem
1554 527 1628 584 ab
1680 543 1753 585 eo
1806 544 1913 587 nou
1962 530 2325 601 discessi-sse,

492 611 722 667 hostem
749 608 1122 684 judicandum
1169 622 1379 677 ουτως
1430 608 1687 683 bonaque
1724 606 1851 686 ejus
1892 608 2169 681 publicat.
2210 610 2325 665 His

493 690 662 763 rebus
699 688 1016 759 confectis,
1045 687 1104 744 in
1147 686 1401 745 concilio
1438 688 1772 760 pronuntiat
1790 726 1813 759 ,
1850 689 2203 745 accersitum
2264 706 2325 745 se

493 786 534 827 a
561 768 873 829 Senonibus
893 809 915 840 ,
941 782 1002 827 et
1051 763 1438 840 Carnutibus,
1464 769 1705 841 aliisque
1745 770 2129 843 compluribus
2174 766 2323 825 Gal-

492 850 588 907 liae
613 850 994 921 civitatibus3
1023 848 1134 907 buc
1163 849 1277 903 iter
1302 847 1599 915 ,facturum
1624 866 1730 921 ,pes
1760 846 1899 915 fines
1940 848 2325 920 Rhemorum,

494 946 802 1005 eorumque
841 944 1012 1003 agros
1051 932 1489 1001 populaturum·‚
1518 944 1588 983 ac
1632 929 1955 1000 priusquam
1998 929 2057 985 id
2104 928 2317 999 faciat,

499 1022 692 1067 castra
719 1008 959 1065 Labieni
1001 1020 1495 1081 oppugnaturum:
1537 1025 1765 1083 quaeque
1796 1004 1922 1065 fieri
1954 1008 2095 1062 vel-it
2118 1048 2145 1079 ,
2182 1026 2323 1080 ρη-

386 1072 462 1136 57
503 1090 667 1163 cipit.
697 1088 981 1147 Labienus
1006 1127 1027 1158 ,
1065 1104 1194 1143 cum
1223 1101 1283 1143 et
1314 1089 1428 1147 loci
1458 1100 1703 1161 natura,
1739 1102 1798 1142 et
1840 1104 2005 1144 mauu
2036 1088 2324 1145 munitis-

495 1169 660 1229 simis
687 1168 1040 1239 castris-sese
1087 1167 1453 1239 contineret,
1482 1167 1553 1225 de
1597 1184 1697 1223 suo
1728 1206 1749 1237 ,
1798 1184 1866 1226 ac
1916 1166 2161 1241 legionis
2210 1186 2321 1239 pe-

495 1250 681 1307 riculo
711 1242 886 1309 nimi
946 1246 1239 1323 timebat,
1268 1248 1417 1319 gsed-
1454 1265 1530 1303 ne
1584 1264 1755 1321 quam
1804 1246 2171 1305 occasionem
2235 1248 2322 1306 rei

487 1326 644 1393 ,bene
693 1327 952 1405 gerendae
999 1326 1327 1398 dimitteret
1346 1367 1367 1399 ,
1422 1327 1733 1401 cogitabat.
1776 1324 1976 1401 Itaque
2014 1342 2051 1383 a
2096 1324 2315 1401 Cinge·

498 1411 730 1485 torigej
755 1422 940 1483 ‚atque
977 1406 1096 1483 ejus
1129 1406 1462 1481 propinquis
1502 1408 1764 1465 oratione
1805 1406 2193 1465 Indutiomari
2224 1424 2317 1463 co·

489 1488 660 1563 ‘gnita
679 1528 701 1559 ,
729 1505 896 1565 quam
927 1486 989 1544 in
1020 1486 1273 1559 concilio
1298 1487 1575 1543 habuerat
1595 1526 1617 1557 ‚
1648 1487 1877 1545 nuntios
1908 1486 2098 1545 mittit
2138 1486 2217 1543 ad
2250 1485 2317 1546 fi-

495 1568 733 1627 nitimas
764 1568 1036 1625 civitates
1053 1605 1078 1639 ‚
1106 1567 1437 1643 equitesque
1468 1567 1715 1641 undique
1742 1578 2038 1633 convocat.
2072 1564 2153 1621 Iis
2182 1582 2311 1621 cer-

497 1660 620 1703 tam
668 1646 824 1702 diem
866 1644 1244 1703 conveniendi
1284 1646 1461 1705 dicit.
1512 1646 1755 1703 Interim
1826 1663 2001 1719 prope
2058 1645 2312 1721 quotidie

495 1744 626 1785 cum
655 1728 814 1785 omni
847 1727 1110 1801 equitatu
1137 1725 1561 1783 Indutiomarus
1588 1726 1689 1783 sub
1718 1728 1923 1781 castris
1944 1724 2061 1803 ejus
2083 1725 2311 1803 vagaba-

496 1818 644 1887 tu123
671 1807 818 1865 alias
847 1819 910 1863 ut
938 1806 1114 1863 situm
1144 1818 1463 1865 castrorum
1501 1819 1913 1881 cognosceret,
1941 1806 2087 1863 alias
2126 1809 2311 1868 collo-

495 1886 726 1961 quendi,
745 1898 845 1943 aut
872 1885 1176 1943 territandi
1197 1902 1383 1941 causa.
1406 1886 1643 1960 Equites
1667 1889 1991 1961 plerumque
2011 1900 2211 1941 omnes
2232 1897 2311 1941 te-

489 1968 552 2020 la
579 1968 737 2025 iutra
757 1967 968 2023 vallum
989 1964 1389 2039 conjiciebant.
1406 1964 1687 2023 Labienus
1708 1983 1837 2023 suos
1860 1966 2014 2021 iutra
2040 1966 2311 2021 munitio-

493 2061 597 2101 nes
643 2043 1016 2106 continebat:
1078 2044 1416 2119 timorisque
1456 2045 1782 2118 opinionem
1812 2084 1834 2117 ‚
1880 2044 2311 2118 quibuscumque

383 2126 458 2207 58
503 2116 733 2199 poterat
760 2124 926 2182 rebus
945 2164 966 2197 ,
994 2124 1255 2198 augebat.
1276 2122 1423 2181 Cum
1446 2124 1659 2198 majore
1690 2126 1751 2182 in
1778 2126 1901 2181 dies
1920 2126 2310 2196 contemptio·-

440 2208 444 2213 '
501 2223 574 2263 ue
613 2204 1036 2265 Indutiomarus
1065 2204 1139 2264 ad
1169 2216 1359 2263 castra
1398 2205 1696 2261 accederet
1716 2242 1738 2277 ,
1784 2217 1951 2261 nocte
1982 2220 2091 2261 una
2120 2205 2310 2261 iutro-

495 2285 690 2343 missis
739 2284 1024 2361 equitibus
1069 2284 1327 2343 omnium
1374 2282 1750 2345 finitimarum
1789 2284 2137 2355 civitatum,
2180 2300 2309 2357 quos

499 2366 872 2423 accersendos
901 2377 1243 2437 curaverat,
1284 2377 1447 2423 tanta
1472 2365 1782 2439 diligentia
1818 2382 2013 2425 omues
2052 2380 2183 2421 suos
2210 2381 2308 2419 cu-

500 2444 707 2503 stodiis
747 2446 904 2501 intra
943 2457 1134 2501 castra
1161 2444 1597 2516 continuit‚-ut
1638 2446 1791 2499 nulla
1838 2446 2063 2505 ratione
2108 2460 2182 2503 ea
2227 2460 2309 2499 res

501 2525 832 2597 enuntiari,
880 2537 979 2583 aut
1017 2524 1097 2593 αφ
1140 2522 1419 2595 Treuiros
1463 2520 1703 2596 perferri
1736 2536 1943 2596 posset.
1986 2518 2229 2580 Interim
2248 2539 2311 2580 ex.

431 2632 440 2639 ·
501 2604 912 2671 consuetudine
961 2603 1299 2681 quotidiana
1336 2603 1758 2663 Indutiomarus
1798 2604 1872 2658 ad
1914 2616 2104 2679 castra
2145 2620 2311 2659 acce-

499 2686 634 2761 dit,
671 2698 846 2760 atque
867 2680 970 2751 ,ibi
1011 2700 1279 2763 magnam
1320 2698 1550 2757 partem
1590 2684 2039 2753 dieiconsumit.
2081 2682 2315 2758 Equites

493 2766 620 2834 *tela
658 2763 1019 2840 conjiciuntj
1064 2776 1137 2835 et·
1164 2780 1373 2839 magna
1398 2764 1747 2823 contumelia
1772 2763 2073 2823 verborum
2104 2776 2319 2822 nostros

501 2846 580 2904 ad
641 2862 834 2921 pugna
903 2856 1164 2916 evocant.
1226 2843 1405 2913 Nullo
1460 2861 1498 2905 a
1560 2843 1773 2908 nostris
1835 2844 1975 2907 dato
2037 2860 2317 2917 responso,

499 2925 628 3003 nbi·
661 2926 848 2983 visum
883 2937 1039 2999 est,
1088 2922 1190 2981 sub
1241 2941 1539 2999 vesperum
1586 2923 1835 3004 ‚dispersi
1873 2964 1895 2998 ,
1940 2938 2014 2981 ac
2060 2923 2319 2996 dissipati

505 3001 847 3063 discedunt:
884 3004 1076 3061 subito
1101 3002 1387 3064 Labienus
1415 3005 1629 3061 duabus
1680 3004 1863 3081 portis
1909 3020 2135 3061 omnem
2172 3002 2321 3075 equi-

507 3096 699 3143 tatum
737 3084 1002 3142 emittit:
1047 3084 1313 3157 praeeipit
1332 3123 1353 3155 ,
1400 3096 1572 3159 atque
1612 3084 1917 3144 interdicit
1937 3122 1959 3155 ,
2009 3081 2321 3156 perterritis

489 3162 778 3223 ·hostibus
798 3204 820 3240 ‚
843 3176 1020 3239 atque
1067 3165 1129 3220 in
1171 3163 1367 3239 fugam
1415 3164 1693 3241 conjectis
1713 3204 1735 3238 ,
1764 3164 1911 3239 quod
1965 3162 2025 3219 fo
2058 3180 2091 3217 e
2110 3202 2132 3233 ,
2184 3162 2321 3218 sicut

515 3244 732 3303 accidit
749 3284 773 3321 ,
798 3244 1034 3307 videbat
1052 3284 1079 3327 ι
1113 3261 1313 3323 omnes
1356 3260 1529 3305 unum
1570 3256 1837 3320 peterent
1862 3180 2320 3310 nautiorum,
