2459 3834
770 15 819 62 L
850 12 881 62 1
912 12 961 64 B
993 12 1038 60 E
1070 12 1127 62 ιι
1215 12 1387 63 vm.
1824 12 1978 88 255

136 112 277 156 cum
304 92 551 153 libenter
581 106 685 167 pro
716 90 947 149 homine
975 90 1085 147 sibi
1116 88 1546 165 conjuctissimo
1566 133 1587 168 ,
1608 108 1776 169 quern
1807 100 1984 169 paul-

139 180 205 233 lo
243 188 380 232 ante
422 173 767 247 praemiserat
812 172 887 227 ad
950 170 1291 245 petitionem
1323 209 1346 244 ,
1396 183 1515 227 tum
1568 174 1782 230 acriter
1827 192 1984 233 con·-

142 269 241 313 tra
274 256 579 311 factionem
602 288 622 323 ,
666 264 727 307 et
761 254 1079 325 potentiam
1124 249 1430 323 paucorhm
1453 290 1473 323 ,
1501 253 1595 325 qui
1645 252 1733 309 M.
1775 248 1981 313 Anto·

138 338 228 393 nii
274 338 499 407 repulsa
550 334 610 377 ³0
649 326 895 387 Caesaris
946 330 1278 387 decedentis
1337 336 1659 389 convellere
1727 337 1982 409 gratiam

140 416 467 488 cupiebant.
518 412 726 483 Hunc,
766 412 877 467 etsi
918 409 1207 485 Augurem
1272 412 1428 483 prius
1485 410 1744 485 factum,
1799 432 1980 489 quam

134 496 373 553 Italiam
402 493 718 567 attingeret
741 529 761 561 ,
804 492 861 545 in
894 490 1104 545 itinere
1140 490 1449 563 audierat;
1481 504 1670 547 tamen
1705 510 1814 550 non
1850 497 1978 551 mi...

133 590 241 631 nus
267 574 477 649 justam
505 573 618 627 sibi
668 586 895 625 causam
930 569 1244 642 municipia
1265 609 1284 642 ,
1317 584 1377 626 et
1416 568 1670 629 colonias
1720 574 1976 634 adeundi

134 652 543 710 existimavit:
592 664 654 707 ut
699 650 771 705 iis
814 650 1031 725 gratias
1072 662 1314 724 ageret,
1361 650 1512 725 quod
1561 650 1986 729 frequentiam,

136 748 319 809 atque
339 730 608 835 xofficium
658 747 819 787 suurn
870 728 1127 786 Antonio
1176 730 1621 801 praestitissent:
1695 732 1978 811 simulque

136 830 207 870 se
230 852 251 885 ,
291 825 349 870 et
386 812 654 869 bonorem
683 825 843 866 suurn
876 808 1221 883 insequentis
1251 809 1387 866 anni
1417 812 1844 869 commendaret
1875 832 1980 887 pe.

138 894 412 965 titione3
476 904 779 965 propterea
825 891 971 963 quod
1002 891 1315 946 insolenter
1344 889 1662 947 adversarii
1701 892 1788 949 sui
1830 897 1976 969 glo·-

139 974 435 1029 riarentur
456 1010 476 1043 ,
523 970 590 1026 L.
629 970 931 1027 Lentulum
953 1009 973 1041 ,
1019 980 1081 1025 et
1109 964 1177 1025 C.
1214 966 1558 1025 Marcellum
1589 968 1752 1029 Coss.
1793 988 1973 1031 crea-

141 1063 277 1125 toS,
306 1052 401 1127 qui
442 1051 599 1109 omni
650 1050 905 1122 honore,
946 1061 1005 1106 et
1056 1048 1348 1125 dignitate
1375 1046 1660 1115 Coesarem
1707 1054 1980 1125 expolia-

140 1144 315 1189 rent:
363 1134 416 1175 ³¹
464 1144 721 1204 ereptum
745 1128 865 1185 Ser.
914 1126 1111 1185 Galbae
1139 1128 1491 1185 consulatum
1515 1168 1536 1203 ‚
1561 1146 1689 1185 cum
1717 1132 1766 1189 is
1788 1139 1974 1193 multo

139 1215 269 1285 plus
298 1211 531 1286 gratia,
577 1208 971 1284 suffragiisque
1018 1210 1330 1280 valuisset,
1371 1210 1521 1283 quod
1579 1210 1688 1265 sibi
1730 1213 2008 1287 conJ‘un-.

141 1304 360 1347 ctus-et
404 1290 841 1361 familiaritate,
871 1302 929 1345 et
973 1290 1392 1345 necessitudine
1443 1291 1749 1367 legationis
1801 1306 1972 1351 esset.

140 1370 439 1445 Exceptus
486 1384 573 1427 est
604 1369 845 1426 Caesaris
875 1370 1153 1425 adventus
1202 1368 1278 1423 ab
1323 1368 1583 1425 omnibus
1612 1370 1968 1446 munipriis,
2015 1404 2092 1469 ς.

142 1463 207 1507 et
240 1450 482 1507 coloniis
510 1448 836 1505 incredibili
888 1449 1103 1505 honore
1124 1486 1145 1521 ,
1172 1460 1346 1525 atque
1372 1465 1585 1505 amore.
1637 1448 1785 1505 Tum
1841 1455 1972 1527 pri-,-

144 1545 303 1585 mum
346 1531 499 1586 enim
548 1528 816 1585 veniebat
846 1528 918 1584 ab
950 1528 1051 1585 illo
1094 1528 1366 1585 universae
1395 1526 1598 1584 Galliae
1629 1528 1798 1587 bello.
1851 1532 1979 1589 Ni..

144 1609 236 1667 hil
272 1608 737 1684 relinquebatur,
784 1608 935 1685 quod
992 1608 1063 1663 ad
1108 1622 1372 1665 ornatum
1405 1622 1696 1682 portarum
1721 1648 1741 1681 ,
1787 1609 1979 1671 itine-

144 1706 275 1745 rum
316 1729 337 1761 ,
388 1693 750 1763 locorumque
797 1688 1049 1745 omnium
1093 1727 1113 1759 ,
1160 1704 1274 1763 qua
1331 1685 1521 1745 Caesar
1579 1688 1768 1745 iturus
1824 1706 1976 1767 erat,

140 1769 466 1845 excogitari
510 1782 719 1842 posset.
768 1764 915 1824 Cum
945 1768 1143 1824 liberis
1192 1769 1378 1825 omnis
1409 1768 1716 1825 multitudo
1745 1768 1980 1831 obviam

142 1849 513 1923 procedebat.
565 1849 781 1905 Hostiae
832 1848 1095 1905 omnibus
1135 1850 1276 1905 locis
1320 1848 1780 1905 immolabantur.
1831 1850 1984 1909 Tri-

142 1930 346 1985 cliniis
376 1930 575 1985 stratis
605 1928 731 1989 fora
751 1968 771 2001 ,
822 1932 1145 2003 templaque
1174 1930 1594 2003 occupabantug
1616 1967 1637 2001 ,
1668 1943 1728 1985 at
1759 1934 1848 1987 vel
1881 1948 1982 1996 ex,¹

139 2010 557 2083 spectatissimi
600 2009 879 2082 triumphi
930 2010 1130 2065 laetitia
1163 2010 1221 2052 32
1257 2008 1487 2082 praecipi
1525 2022 1734 2081 posset.
1785 2010 1982 2071 Tanta

144 2101 276 2145 erat
330 2088 762 2163 magnificentia
804 2088 955 2162 apud
995 2088 1382 2163 opulentiores
1409 2127 1428 2160 ,
1476 2090 1761 2161 cupiditas
1821 2092 1972 2165 apud

140 2168 694 2225 humiliores..Cum
746 2184 941 2225 omnes
997 2168 1262 2243 regiones
1311 2166 1524 2224 Galliae
1567 2168 1804 2244 Togatae
1835 2170 1977 2229 Cae-
2019 2183 2098 2249 52

140 2265 243 2305 sar
274 2250 647 2322 percurrisse-t
667 2289 687 2320 ,
727 2264 946 2304 summa
976 2248 1277 2303 celeritate
1317 2249 1390 2303 ad
1423 2248 1738 2305 exercitum
1769 2248 1990 2309 Neme-

142 2340 454 2384 tocennam
487 2330 661 2384 rediit
691 2328 1165 2403 ,legionibusque
1193 2346 1265 2383 ea
1311 2321 1574 2385 omnibus
1609 2328 1868 2389 hibernis
1907 2324 1990 2391 ad.

140 2406 295 2464 fines
326 2408 701 2466 Trevirorum
758 2409 1057 2481 evocatis,
1104 2425 1175 2465 eo
1234 2407 1525 2482 profectus
1573 2421 1662 2465 est
1691 2446 1714 2483 ,
1783 2410 1982 2485 ibique

212 2602 285 2651 30
349 2594 559 2641 Caesaris
586 2591 913 2644 decedentis-‚J
959 2592 1033 2641 De

136 2654 417 2716 provintia
444 2690 461 2715 ‚
518 2656 657 2713 cujus
720 2653 825 2713 jam
874 2664 1034 2703 nonus

134 2732 313 2767 annus
335 2720 593 2779 agebatur.
1014 2768 1019 2775 ,

206 2792 276 2841 31
346 2788 581 2841 Ereptum
600 2788 710 2829 Ser.
737 2784 903 2841 Galba*
920 2796 1033 2829 con·

134 2851 379 2897 sulatum.
403 2849 505 2895 Ser.
528 2846 687 2893 Galba
711 2846 903 2906 legatus
915 2848 1032 2891 Cae-

128 2908 273 2975 ‚saris
314 2909 367 2956 in
397 2908 565 2957 Gallia
613 2910 817 2967 fuerat,
854 2907 1036 2956 missus

131 2984 265 3019 cum
313 2973 512 3032 legione
546 2971 599 3018 in
644 2976 955 3029 Nantuates,
984 2979 1037 3019 et

133 3036 397 3097 Veragros
422 3070 437 3093 ‚
466 3034 558 3082 lib.
578 3047 669 3083 ιιι.
697 3048 806 3095 cap.
837 3044 883 3081 1.
914 3043 1038 3082 sect.

132 3107 191 3145 1.
217 3100 351 3145 Cum
381 3101 699 3147 consulatum
726 3106 938 3157 peteret,
953 3110 1039 3144 re·-

130 3162 351 3221 pulsam
391 3162 510 3209 tulit
562 3170 769 3221 propter
818 3160 1033 3207 Caesarla

126 3224 437 3275 amicitiam
464 3238 481 3276 z
518 3237 583 3275 ex
608 3238 710 3288 quo
731 3224 919 3275 caesari
942 3222 1035 3275 of-

1096 2588 1268 2639 fensus
1287 2602 1404 2641 cum
1417 2590 1606 2651 Cassio,
1619 2598 1672 2639 et
1685 2590 1842 2643 Bruto
1861 2590 1985 2647 con-'

1070 2655 1332 2715 ‘spii-avit.
1366 2662 1504 2705 Suet.
1523 2660 1706 2715 Galba,
1731 2672 1836 2717 cap.
1868 2672 1918 2719 3.

1163 2730 1229 2779 32
1295 2723 1499 2777 Praecipa‘
1513 2720 1732 2779 posset.)
1751 2724 1883 2770 Ante
1905 2734 1988 2773 ca·

1092 2781 1181 2843 pi,
1201 2790 1256 2829 ut
1296 2782 1360 2829 ad
1385 2770 1598 2831 caesaris
1627 2792 1984 2845 exspectatum

1098 2844 1422 2905 triumphum
1445 2878 1460 2905 ,
1525 2844 1749 2893 nondum
1807 2856 1985 2901 autem

1098 2916 1400 2968 praesentem
1429 2942 1446 2967 ,
1481 2908 1746 2972 referatur.
1799 2910 1876 2958 Sic
1916 2914 1983 2964 R.

1098 2972 1272 3032 Steph.
1301 2980 1352 3019 et
1373 2970 1605 3019 Claccon.
1635 2981 1685 3018 et
1709 2974 1905 3035 Gryph.
1929 2984 1985 3028 et

1100 3039 1360 3097 jungerm.
1389 3047 1450 3081 ac
1492 3034 1785 3084 Goduinus:
1825 3038 1986 3089 etiam

1104 3112 1153 3144 v.
1179 3110 1223 3145 τε
1249 3096 1604 3148 carrariensis.
1641 3098 1744 3146 Alii
1787 3105 1988 3165 percipi,

1094 3169 1153 3209 ut
1180 3172 1298 3207 eum
1323 3160 1505 3222 quovis
1523 3160 1786 3225 triumpho
1809 3167 1986 3227 splen-

1096 3222 1302 3276 didiore
1324 3232 1672 3289 comparetur.
1701 3256 1714 3265 ,
