2459 3834
470 80 635 163 330
1079 89 1183 149 nn
1232 88 1480 150 13an
1526 90 1762 151 cmm

1094 250 1146 311 c
1164 251 1223 309 A
1242 252 1290 309 P
1307 204 1366 311 'u
1387 252 1442 310 T
1512 253 1570 313 v
1591 253 1622 309 1
1641 255 1695 314 1.

468 407 672 468 Caesar
698 409 929 470 civibus
952 409 1270 488 Romanis,
1289 414 1609 489 Hispanis,
1631 424 1694 475 et
1726 414 1870 474 aliis
1891 418 2134 498 gratias
2153 420 2322 499 agia

474 490 613 547 inde
668 487 867 551 Gades
915 491 1312 566 proficiscitur
1353 535 1374 567 ,
1423 509 1632 569 postea
1691 496 2106 571 Tarraconem,
2159 504 2320 561 unde

474 571 781 629 discedens
842 572 1184 632 Narbonem
1228 577 1394 649 petit
1427 616 1448 648 ‚
1507 586 1571 633 et
1636 577 1718 632 ad
1771 577 2118 635 Massiliam
2171 593 2320 655 per..

515 653 713 729 -igem't
734 692 755 725 ,
790 654 891 712 ubi
938 654 1237 732 intelligit
1265 696 1286 728 ‚
1313 671 1380 712 se
1413 674 1472 711 ·a
1519 655 1618 711 M.
1667 657 1893 731 Lepido
1943 660 2250 719 Dictaeo-

1100 752 1221 795 rem
1269 736 1488 794 dictum
1537 752 1689 795 esse.

352 898 425 943 ιι
552 822 797 951 Caesar
819 934 839 967 ,
880 894 1080 953 habita
1110 896 1389 965 concione
1417 893 1764 970 Gordubaei,
1805 898 2070 957 omnibus
2121 918 2320 976 gene·-

464 977 647 1033 tatim
696 976 915 1051 gratias
974 978 1149 1051 agit:
1202 976 1424 1033 civibus
1471 977 1788 1051 Romanis,
1833 981 1984 1054 quod
2027 983 2313 1056 oppidum

464 1052 528 1109 in
576 1075 678 1113 sua
734 1068 1022 1129 potestate
1072 1057 1423 1115 studuissent
1464 1056 1731 1130 *habere3
1789 1058 2109 1133 Hispanis,
2153 1062 2316 1135 quod

464 1140 737 1208 presidia
774 1138 1169 1210 expulissentg,
1210 1134 1568 1208 Gaditanis,
1593 1138 1748 1211 quod
1797 1154 2036 1197 conatus
2085 1142 2314 1197 adver-

463 1219 747 1275 sariorum
780 1204 1194 1291 infregissent3
1241 1234 1474 1291 seseque
1525 1218 1585 1271 in
1636 1217 1969 1275 libertatem
1999 1222 2311 1278 vindicas-

464 1310 597 1353 sent
623 1318 645 1371 3
678 1298 925 1355 tribunis
968 1298 1219 1354 militum
1247 1337 1267 1368 ,
1303 1295 1846 1370 centurionibusque
1865 1338 1888 1369 ,
1915 1302 2015 1373 qui
2057 1318 2128 1358 co
2159 1320 2310 1374 prae·

384 1414 393 1431 .
462 1377 603 1433 sidii
635 1395 805 1441 causa
871 1391 1192 1447 venerant,
1222 1378 1376 1451 quod
1425 1394 1624 1433 eorum
1656 1380 1904 1443 consilia
1951 1398 2052 1438 sua
2101 1382 2310 1437 virtu-—

400 1456 559 1546 sss
586 1456 1066 1517 confirmassent:
1120 1458 1388 1531 pecunias
1427 1496 1448 1528 ‚
1509 1474 1652 1531 quas
1684 1472 1851 1513 erant
1891 1458 1953 1515 in
2011 1462 2314 1534 publicum

462 1535 719 1595 Varroni
771 1539 929 1597 cives
957 1538 1205 1610 Rotnani
1251 1536 1540 1611 polliciti,
1581 1537 1834 1594 remittit
1856 1533 2066 1615 *ona
2115 1543 2312 1601 resti-

466 1618 586 1674 tuit
614 1619 731 1691 iis,
761 1636 901 1692 quos
948 1618 1187 1673 liberius
1239 1619 1462 1677 locutos
1512 1618 1660 1671 hanc
1693 1634 1916 1690 poenam
1947 1621 2144 1675 tulisse
2189 1639 2313 1677 co-

463 1711 778 1772 gnoverat:
814 1700 1049 1755 tributis
1076 1696 1412 1771 quibusdam
1439 1695 1684 1768 publicis
1706 1737 1726 1768 ,
1758 1700 2108 1773 privatisque
2141 1719 2314 1773 praes-

462 1779 601 1835 miis
632 1780 880 1853 reliquos
911 1779 971 1833 in
1020 1790 1310 1850 posterum
1358 1777 1508 1833 bona
1557 1794 1658 1850 spe
1697 1781 1990 1852 complete,
2014 1780 2310 1839 biduum-

456 1874 575 1931 que
622 1856 901 1917 Cordubae
950 1869 1384 1929 commoratus,
1433 1855 1631 1915 Gades
1683 1856 2131 1933 proficiscitur-3
2191 1879 2314 1933 pe·-

463 1938 662 1995 eunias
684 1978 704 2008 ‚
744 1950 1223 2011 monumentaque
1257 1977 1280 2008 ,
1345 1954 1466 2011 quae
1525 1954 1598 1993 ex
1655 1936 1816 1995 Fano
1863 1937 2132 1999 Herculis
2181 1944 2318 1997 col-⁶

462 2018 586 2077 lata
634 2030 800 2073 erant
846 2018 909 2071 in
968 2018 1258 2090 privatam
1315 2017 1589 2087 domum,
1629 2018 1834 2075 referri
1891 2023 1954 2075 in
2015 2025 2302 2095 templum

430 2094 657 2171 “jubetz
713 2097 1018 2171 provinciae
1047 2095 1122 2171 Q.
1154 2094 1416 2153 Cassium
1455 2094 1716 2169 praeficit.
1767 2100 1924 2158 Huic
1973 2118 2056 2157 ut.
2105 2102 2309 2177 legio-

460 2193 565 2233 nes
604 2179 931 2236 attribuit:
963 2178 1087 2251 ipse
1129 2178 1203 2233 iis
1257 2178 1497 2232 navibus
1516 2216 1538 2249 ‚
1565 2194 1705 2250 quas
1734 2166 1823 2233 Μ.
1855 2182 2050 2239 Varro
2071 2222 2094 2253 ‚
2120 2198 2309 2255 quas-

462 2274 573 2331 que
592 2256 875 2314 Gaditani
896 2258 1047 2331 jussu
1072 2257 1358 2315 Varronis
1384 2256 1674 2329 secet-sant
1697 2298 1716 2329 ‚
1746 2258 2139 2319 Tarraconem
2165 2277 2313 2335 pau·

460 2338 549 2394 cis
580 2338 778 2393 diebus
814 2339 1095 2411 pervenit.
1125 2338 1216 2393 lbi
1275 2337 1456 2394 totius
1485 2335 1607 2392 fere
1645 2340 1943 2397 citerioris
1987 2342 2311 2413 provincia

458 2418 783 2493 legationes
827 2416 1073 2475 Caesaris
1122 2418 1434 2473 adventum
1476 2419 1904 2489 exspectabant.
1940 2420 2158 2475 Eadem
2207 2438 2312 2477 ra-

460 2498 623 2556 tione
657 2499 976 2571 privatim,
1004 2516 1073 2553 ac
1104 2496 1328 2571 publice·
1347 2497 2046 2571 quibusdam-civitatibus
2083 2499 2314 2559 habitis

459 2577 776 2637 honoribus
798 2619 817 2651 ‚
866 2578 1200 2635 Tarracone
1229 2576 1521 2633 discedit:
1557 2577 1917 2655 pedibusque.
1945 2578 2312 2655 Narbonem,

412 2661 423 2665 “
460 2672 638 2733 atque
688 2660 823 2714 inde
864 2658 1163 2717 Masiliam
1216 2658 1500 2732 pervenit.
1542 2656 1632 2713 lbi
1671 2662 1860 2735 legem
1889 2661 1962 2715 de
1992 2659 2313 2718 Dictatore

458 2741 641 2797 latam
665 2779 685 2812 ,
728 2756 963 2813 seseque
1010 2738 1386 2801 Dictator-em
1431 2738 1654 2798 dictum
1694 2756 1731 2799 a
1769 2739 1862 2799 M.
1891 2740 2114 2817 Lepido
2142 2758 2311 2815 prz-

462 2830 593 2886 tore
622 2821 945 2907 cognoscit·
1455 2836 1471 2845 ·
