2459 3834
2126 19 2137 21 -
2160 19 2165 21 .
2180 17 2293 25 ——„--.
2320 17 2325 20 .

478 91 636 187 480
969 111 1071 166 nn
1102 110 1348 168 netto
1379 105 1795 170 umento.

474 191 763 268 equitibus
803 192 867 248 in
908 193 1185 268 oppidum
1236 196 1650 268 repellerentur
1671 236 1694 268 ,
1730 193 2066 253 cohortibus
2107 197 2316 270 paucis

476 289 549 330 cx
578 273 870 330 veteranis
891 312 914 345 ,
958 289 1098 347 quas
1136 290 1327 330 secum
1371 273 1619 330 habebat
1636 315 1660 348 ‚
1707 277 1770 330 iu
1819 288 2076 332 extremo
2119 279 2321 350 agmi-

474 369 549 408 ne
584 354 883 410 collocatis
923 392 944 425 ‚
971 369 1033 409 et
1066 367 1236 427 parte
1278 356 1568 428 equitatus
1590 394 1613 427 ,
1640 355 1754 410 iter
1785 357 1995 412 leniter
2025 372 2161 410 cum
2197 373 2314 412 re-

474 433 646 506 liquis
676 433 869 490 facere
894 435 1092 508 coepit.
1134 433 1226 489 Ita
1255 449 1470 508 quanto
1497 435 1721 510 longius
1749 435 1822 490 ab
1861 435 2074 508 oppido
2099 435 2320 491 disce-

474 511 714 570 debatur
736 552 758 585 ,
790 525 957 570 tanto
974 513 1258 572 tardiores
1287 514 1362 570 ad
1389 514 1794 590 insequendum
1825 528 1992 570 erant
2014 513 2318 572 Numidae.

474 593 718 648 Interim
750 593 809 648 in
832 593 1045 648 itinere
1068 611 1141 650 ex
1160 594 1388 668 oppidis
1407 634 1430 666 ,
1455 610 1518 650 et
1557 595 1815 650 castellIs
1841 595 2166 668 legationes
2203 614 2314 652 ve-

476 673 603 728 nire
623 713 642 743 ,
674 673 932 745 polliceri
972 673 1320 730 frumentum
1341 713 1362 744 ,
1393 686 1872 748 paratosqueesse
1891 715 1912 744 ,
1951 692 2070 748 quae
2102 675 2314 746 impe-

397 772 437 836 7
480 767 657 808 rasset
682 793 703 822 ,
730 752 940 810 facere.
970 753 1173 826 Itaque
1198 770 1270 810 eo
1293 753 1394 810 die
1419 767 1612 809 castra
1643 754 1832 826 posuit
1862 756 1892 798 9
1922 755 1993 808 ad
2025 755 2316 826 oppidum

476 831 794 903 Ruspinam
822 833 945 888 Kal.
993 831 1229 904 Januar.
1277 833 1416 890 Inde
1457 835 1684 904 movit,
1725 846 1784 889 et
1817 835 2080 906 pervenit
2131 837 2190 872 10
2233 836 2314 890 ad

474 913 748 984 oppidum
774 911 1009 985 Leptim
1031 952 1053 984 ,
1078 913 1318 970 liberam
1347 913 1650 970 civitatem
1670 952 1690 984 ,
1719 925 1777 968 et
1827 913 2162 968 immunem.
2196 913 2315 970 Le-

472 994 597 1067 gati
622 1009 693 1048 ex
711 993 925 1066 oppido
955 993 1195 1049 veniunt
1224 993 1492 1050 obviam:
1525 993 1769 1052 libenter
1799 1009 1860 1048 se
1887 993 2081 1048 omnia
2113 993 2314 1048 factu.

472 1088 569 1128 ros
596 1112 617 1143 ,
656 1089 777 1146 quae
808 1075 1025 1143 vellet,
1059 1073 1422 1144 pollicentur.
1467 1072 1668 1148 Itaque
1689 1112 1709 1143 ,
1757 1073 2189 1130 centurionibus
2229 1073 2313 1128 ad

473 1165 671 1226 portas
710 1151 956 1225 oppidi,
1002 1164 1063 1207 et
1093 1153 1370 1208 custodiis
1398 1153 1688 1224 impositis
1709 1191 1730 1222 ‚
1777 1169 1848 1208 ne
1875 1153 2000 1228 quis
2033 1153 2206 1208 miles
2241 1154 2308 1208 in

472 1231 749 1304 oppidum
796 1231 1073 1290 introiret
1102 1270 1124 1302 ‚
1160 1245 1261 1288 aut
1316 1231 1578 1309 injuriam
1631 1231 1850 1287 faceret
1893 1232 2153 1304 cuipiam
2211 1233 2312 1288 in-

474 1314 613 1368 colae
634 1351 655 1383 ,
692 1327 805 1368 non
834 1313 1005 1386 longe
1048 1310 1121 1367 ab
1160 1313 1377 1385 oppido
1409 1311 1716 1368 secuudum
1745 1312 1882 1370 litus
1909 1310 2052 1366 facit
2082 1325 2312 1370 castra.

473 1389 696 1448 Eodem
734 1407 909 1447 naves
946 1392 1264 1464 onerariae,
1289 1404 1350 1448 et
1393 1394 1574 1466 longae
1623 1393 1901 1447 nonnullae
1937 1407 2072 1446 casu
2122 1392 2314 1448 adve-

475 1483 703 1528 nerunt.
758 1471 1051 1545 Reliquae,
1090 1483 1152 1526 ut
1202 1484 1292 1526 est
1317 1471 1388 1532 ,ei
1427 1472 1794 1543 nuntiatum,
1837 1471 2070 1528 incertae
2121 1473 2305 1528 loco-

472 1567 641 1623 rum,
677 1553 731 1588 ¹¹
784 1550 1022 1606 Uticam
1054 1567 1248 1606 versus
1301 1563 1495 1622 petere
1534 1551 1668 1608 visae
1697 1561 1845 1606 sunt.
1887 1549 2132 1606 Interim
2163 1548 2314 1607 Cae-

471 1646 565 1688 sar
588 1645 625 1686 a
652 1631 800 1689 mari
830 1646 943 1685 non
970 1630 1237 1704 digredi,
1268 1648 1449 1704 neque
1471 1632 1892 1686 mediterranea
1938 1642 2138 1702 petere
2169 1649 2312 1703 pro-

474 1722 609 1784 pter
641 1710 873 1767 navium
904 1726 1159 1766 errorem
1178 1749 1199 1780 ,
1242 1713 1672 1784 equitatumque
1699 1710 1763 1766 in
1799 1709 2042 1766 navibus
2068 1726 2312 1766 omnem

472 1791 770 1848 continere
794 1791 816 1858 (
838 1802 901 1846 ut
938 1789 1194 1846 arbitror
1213 1830 1235 1861 ,
1267 1807 1338 1846 ue
1379 1791 1506 1866 agri
1537 1793 1972 1860 vastarentur),
1999 1806 2208 1862 aquam
2242 1792 2312 1846 in

473 1885 649 1928 naves
678 1869 837 1944 jubet
867 1871 1241 1941 comportari.
1285 1869 1558 1944 Remiges
1587 1869 1824 1926 interim
1844 1908 1866 1940 ,
1901 1871 1996 1945 qui
2031 1882 2316 1942 aquatum

472 1964 507 2004 e
544 1948 783 2004 navibus
830 1948 1093 2004 exierant
1112 1987 1133 2018 ,
1160 1947 1354 2005 subito
1379 1950 1604 2023 equites
1642 1946 1878 2018 Mauri,
1907 1966 2008 2003 nec
2047 1950 2315 2020 opinan—

474 2026 625 2082 tibus
644 2023 984 2084 Caesarianis
1026 2027 1219 2084 adorti
1265 2031 1476 2088 multos
1499 2028 1701 2102 jaculis
1728 2031 2317 2103 convulneraverunt,

464 2109 761 2164 nonnullos
798 2103 1229 2163 interfecerunt.
1279 2107 1494 2165 Latent
1517 2109 1671 2164 enim
1702 2107 1762 2162 in
1801 2106 2030 2164 insidiis
2059 2125 2194 2164 cum
2223 2127 2314 2164 e-

464 2187 593 2260 quis
631 2186 783 2242 inter
812 2188 1097 2244 convalles
1126 2225 1147 2258 ,
1180 2199 1243 2242 et
1283 2189 1476 2244 subito
1503 2200 1713 2246 exeunt
1734 2227 1755 2258 ,
1783 2203 1896 2242 non
1941 2201 2002 2244 ut
2035 2188 2096 2242 in
2128 2205 2312 2247 cam—

396 2281 429 2340 3
474 2281 548 2340 po
596 2268 853 2325 cominus
917 2266 1262 2340 depugnent.
1327 2265 1516 2324 Caesar
1579 2268 1812 2322 interim
1855 2268 1916 2322 in
1973 2265 2313 2324 Sardiniam

471 2347 705 2404 nuntios
756 2363 885 2404 cum
932 2345 1121 2406 literis
1140 2385 1162 2417 ‚
1210 2359 1272 2404 et
1324 2347 1384 2401 in
1433 2347 1680 2420 reliquas
1733 2346 2058 2419 propincias
2102 2345 2316 2403 finiti-

470 2441 635 2497 mas,
686 2424 960 2498 dimisit,
1003 2439 1067 2482 ut
1114 2423 1227 2482 sibi
1289 2424 1550 2497 auxilia,
1597 2439 1987 2496 commeatus,
2035 2425 2318 2482 frumen-

472 2515 593 2562 tum
619 2543 639 2576 ,
678 2507 1017 2578 simulatque
1066 2504 1267 2560 literas
1307 2506 1578 2579 legissent
1606 2543 1627 2576 ,
1669 2506 1958 2560 mittenda
2004 2519 2312 2578 curarent,

442 2586 905 2664 ‚exoneratisque
949 2584 1163 2658 partim
1204 2586 1447 2642 navibus
1503 2585 1692 2660 longis
1712 2624 1735 2657 ,
1775 2583 2082 2646 Rabirium
2120 2583 2318 2644 Post-

530 2757 565 2806 9
628 2749 709 2796 Λα
760 2745 983 2806 oppidum
1020 2747 1302 2804 Ruspinam.
1325 2746 1346 2798 )
1410 2757 1539 2794 mus.
1568 2747 1654 2792 Est
1675 2744 1820 2793 enim
1849 2743 1949 2793 alia
1978 2745 2152 2806 Leptis
2175 2755 2314 2795 ma-

465 2813 607 2863 lnter
635 2811 1010 2860 Adrumentum
1051 2816 1103 2856 et
1126 2807 1346 2869 Leptim,
1410 2821 1524 2870 gna.
1554 2807 1686 2856 Plin.
1713 2820 1846 2855 verS.
1865 2822 1916 2868 4.

464 2873 719 2924 minorem
749 2873 906 2920 situm
928 2871 1264 2930 Ptolemaeus,
1287 2871 1347 2917 A‘
1531 2874 1625 2922 Ηὶε
1647 2874 1820 2929 oppida
1864 2875 2014 2918 libera
2044 2906 2060 2929 ‚
2096 2875 2310 2932 Leptis,

463 2931 750 2995 δρούμητως
816 2931 1061 2982 nol-'imor-
1134 2935 1350 2982 P’ovoeo-
1599 2937 1942 2982 Adriamentum
1968 2969 1983 2994 ‚
2005 2939 2247 2992 Ruspina.

460 2999 600 3050 πίνοι
621 2998 839 3057 Aen-⁶:⁵15
870 2999 1043 3057 μικρὰ·
1069 2997 1221 3046 Silius
1245 3003 1350 3046 Ita-
1477 3007 1541 3046 11
1619 3001 1800 3046 Uticam
1861 3007 2094 3050 versus.)
2145 2999 2310 3048 Utica

462 3060 593 3116 licus
622 3061 735 3108 libr.
751 3076 843 3110 ιιι.
868 3075 999 3112 vers.
1024 3061 1143 3110 260.
1403 3073 1516 3120 cap.
1560 3061 1842 3120 provinciae
1865 3060 2052 3107 Africae
2073 3095 2088 3119 ‚
2139 3074 2312 3108 ever-

588 3130 792 3184 ,Qua-que
841 3129 1008 3182 procul
1047 3127 1198 3171 cernit
1252 3139 1341 3172 non
1403 3136 1454 3170 sa
1513 3123 1820 3184 Carthagine
1860 3157 1874 3182 ‚
1927 3123 2148 3172 necdum
2209 3137 2302 3171 re-

464 3239 473 3246 ,
652 3203 807 3246 aequos
835 3191 1054 3244 Ruspina
1067 3192 1262 3239 fluctus.
1403 3186 1583 3236 stitnta
1612 3221 1627 3248 ,
1657 3199 1816 3250 prope
1857 3185 2048 3236 flumen
2087 3189 2302 3250 Bagra·-

531 3259 599 3296 ιο
661 3251 739 3296 Ad
760 3252 977 3308 oppidum
992 3251 1229 3307 Leptim.)
1256 3253 1343 3296 Le-
1405 3249 1546 3298 dam.

468 3310 605 3372 ptim
632 3322 851 3383 parvam
871 3345 887 3372 ,
916 3319 971 3364 ut
1014 3312 1169 3364 modo
1206 3311 1354 3362 vidi-
