2459 3834
440 48 587 151 578
976 64 1077 118 DE
1126 60 1371 117 Βειιο
1422 58 1728 115 msPAN.

430 192 473 227 ‚‚
494 168 558 209 ut
606 148 894 223 Hispanas
922 161 1013 202 res
1034 185 1055 217 ,
1089 149 1250 201 velut
1297 144 1502 202 ultima
1538 148 1840 221 voluntate
1859 182 1880 214 ,
1908 140 2298 222 disponeret3

431 273 477 306 ,‚
496 249 607 306 quo
653 244 979 285 reversurus
1028 226 1278 298 amplius
1320 242 1432 282 non
1482 236 1630 280 erat.
1674 220 1765 277 Ibi
1808 240 1946 279 vero
1989 224 2300 283 concione

431 314 783 387 „advocata
803 349 822 383 ,
866 304 1147 363 beneficia
1193 322 1298 362 sua
1325 306 1387 361 in
1425 310 1556 361 e'am
1595 298 1794 359 nibem
1841 320 2299 363 commemora-

431 433 475 466 „
494 394 585 449 vit
626 405 687 447 et
726 389 966 464 antiqua
986 426 1007 459 ‚
1034 400 1097 443 et
1140 402 1316 444 nova.
1347 386 1417 441 In
1446 383 1562 441 fine
1591 400 1690 440 eos
1718 385 1913 457 arguit
1933 423 1954 457 ,
1994 397 2296 461 tanquam

427 512 473 547 „
496 474 646 528 mala
692 486 796 544 pro
829 468 997 527 bonis
1038 467 1200 524 omni
1249 481 1515 539 tempore
1565 464 1957 521 reddidissent
1986 505 2008 537 ‚
2034 468 2096 521 in
2133 484 2302 541 pace

430 552 766 626 „seditiosi
789 590 810 622 ‚
838 550 899 604 in
929 548 1080 605 bello
1118 559 1314 603 autem
1355 546 1591 621 ignavi:
1629 544 1802 619 Quod
1845 542 2036 603 Cneus
2083 545 2304 605 Pom—

428 672 473 705 „
496 631 648 707 pejus
689 630 1054 700 adolescenS,
1103 644 1302 684 eorum
1353 626 1534 682 fretus
1584 626 1804 681 auxilio
1831 664 1852 697 ,
1901 628 2062 683 caesis
2109 629 2303 687 civi-

431 750 473 784 „
493 712 595 767 bus
634 726 845 785 agros,
892 722 954 765 et
986 707 1267 765 viciniam
1308 718 1593 763 vastasset
1627 723 1642 763 :
1687 707 1870 763 etiam
1897 706 2028 763 illic
2059 722 2290 767 contra

428 830 471 864 „
492 808 586 864 se,
614 790 831 862 fasces,
858 790 1041 849 ctiam
1072 789 1380 862 imperium
1409 789 1792 861 suscepisset3
1811 788 1933 843 imo
1961 804 2100 845 vero
2130 806 2301 847 con-

431 910 476 944 „
502 884 593 927 tra
632 874 904 945 populum
944 870 1269 924 Romanum
1294 908 1314 940 ,
1337 868 1515 943 [cujus
1559 869 1684 943 ipse
1708 870 1983 943 ‘regimen
2015 882 2288 928 teneret.

433 950 655 1026 „Quid
687 946 893 1021 enim?
934 947 1334 1006 Crederentne
1377 948 1624 1005 forsitan
1676 949 2088 1022 Hispalenses,
2139 953 2300 1009 Ro·-

434 1071 476 1105 „
498 1048 698 1089 manos
740 1033 976 1087 vincere
996 1068 1017 1101 ,
1058 1031 1210 1103 quod
1243 1046 1443 1085 eorum
1488 1030 1852 1103 provinciam
1881 1032 2146 1104 populati
2181 1050 2298 1089 es-

435 1151 480 1185 „
500 1108 677 1169 sent?
716 1111 811 1166 An
842 1109 1132 1167 einstincto
1163 1106 1391 1167 Caesare
1420 1149 1441 1181 ‚
1470 1110 1570 1185 qui
1619 1110 1886 1168 mortalis
1928 1122 2079 1168 esset
2099 1149 2118 1183 ‚
2161 1130 2297 1170 non

433 1230 478 1265 „
498 1193 787 1249 sentirent
822 1192 1147 1246 Romanum
1180 1193 1447 1264 populum
1477 1191 1906 1264 immortalem3
1931 1203 1991 1247 et
2021 1191 2084 1246 in
2113 1211 2294 1267 prae-

437 1288 633 1343 „sens
676 1272 875 1327 decem
924 1269 1141 1326 habere
1184 1272 1442 1345 legiones
1472 1310 1492 1342 ,
1538 1288 1660 1344 quae
1707 1286 1823 1327 non
1867 1282 2090 1327 tantum
2143 1274 2288 1329 Hi-

433 1391 477 1424 „
498 1353 853 1425 spalensibus
897 1352 1209 1422 resistere,
1259 1350 1360 1407 sed
1409 1352 1616 1409 coelum
1656 1344 1844 1425 ipsum
1881 1350 2122 1410 diruere
2155 1356 2290 1411 sint

340 1504 361 1513 ,
435 1471 479 1505 ‚,
504 1428 807 1505 potentes?
856 1429 987 1504 Quo
1029 1431 1090 1487 in
1123 1430 1302 1489 verbo
1334 1448 1447 1489 non
1489 1434 1676 1488 solum
1711 1434 1816 1491 illa
1862 1432 2016 1489 inest
2057 1434 2292 1491 altitu-

437 1552 481 1584 „
500 1513 618 1585 do,
656 1530 778 1586 quae
826 1511 1090 1569 omnibus
1151 1524 1366 1587 patet3
1411 1513 1514 1569 sed
1570 1512 1674 1567 illa
1725 1512 1906 1569 etiam
1960 1515 2290 1588 occultior,

435 1631 479 1664 ‚‚
500 1594 651 1667 quod
680 1594 743 1648 in
787 1593 1153 1649 recensendis
1194 1593 1416 1651 viribus
1447 1592 1727 1649 Romanis
1755 1609 1872 1648 non
1911 1610 2138 1667 omnes,
2171 1597 2282 1651 sed

436 1710 480 1744 „
507 1690 635 1729 suas
685 1684 909 1728 tantum
950 1672 1282 1741 dinumerat
1329 1673 1618 1749 legiones,
1665 1674 1828 1747 qnasi
1866 1674 2119 1750 reliquas
2146 1680 2284 1733 nul·-

442 1753 619 1824 „lius
660 1753 890 1826 pretii,
930 1766 992 1809 et
1040 1770 1113 1809 ne
1152 1756 1434 1812 memoria
1489 1754 1720 1828 quidem
1771 1754 1978 1829 dignas
2017 1768 2279 1813 censeat.

438 1870 481 1904 „
504 1830 695 1887 Multa
740 1832 836 1888 hic
886 1832 1144 1889 historie
1185 1835 1249 1888 in
1289 1838 1420 1893 loco
1449 1835 1670 1909 scripta
1698 1874 1718 1907 ,
1747 1835 2098 1909 scriptorum
2127 1838 2284 1897 vitio

438 1948 481 1982 „
502 1912 739 1967 confusa
760 1951 783 1983 ,
844 1924 1125 1983 praetereo
1147 1951 1166 1983 ,
1222 1913 1298 1969 ad
1355 1912 1532 1973 finem
1581 1932 1914 1991 properansq
1953 1917 2069 1974 Hic
2129 1936 2272 1995 ergo

439 2025 483 2062 ‚,
502 1989 788 2049 bellorum
822 1988 1089 2049 civilium
1101 1990 1274 2051 ‘finis-
