2459 3834
832 145 987 198 nn.
1053 141 1129 195 A.
1187 139 1465 196 marn.
1879 139 2041 236 473

208 230 397 286 etiam
441 225 705 284 veterani
737 223 948 282 fiducia
976 223 1266 281 exercitus
1289 223 1380 278 sui
1403 259 1434 296 ,
1463 236 1632 297 quem
1672 235 1804 278 cum
1843 221 2044 297 'legio-

212 327 287 366 ne
325 327 465 364 xxu.
506 310 566 363 in
597 308 723 362 acie
752 305 1075 362 conflixisse
1098 343 1119 376 ,
1158 316 1220 358 et
1255 303 1464 360 vicisse
1484 341 1505 374 ,
1533 303 1714 377 legati
1743 299 1886 376 ›ejus
1907 305 2045 377 glo·-

214 391 549 444 riabantur:
579 389 748 443 simul
778 397 1113 458 contemptu
1145 383 1430 439 exercitus
1460 384 1644 438 nostri
1667 421 1688 454 ,
1717 398 1884 455 quem
1917 385 2043 456 pul.

210 485 332 524 sum
360 485 405 522 -a
438 484 537 537 se,
565 467 834 523 Domitio
858 471 1003 520 duce
1020 503 1041 537 ,
1068 463 1289 520 sciebat
1309 501 1329 534 ,
1371 463 1524 521 inito
1575 461 1822 520 consilio
1849 462 2040 518 dimi-

213 549 422 618 candi,
470 547 816 602 descendere
868 557 1153 616 praerupta
1212 545 1364 598 valle
1420 542 1618 615 coepit.
1683 539 1855 616 Cujus
1907 542 2042 598 -ali-

211 628 461 700 quandiu
491 611 684 683 ebesa:-
714 625 1006 682 irredebat
1046 626 1274 680 inanem
1309 622 1762 678 ostentationem
1792 659 1812 693 ,
1861 633 1924 677 et
1963 637 2042 680 eo

210 709 339 762 loco
375 707 623 762 rnilitum
672 703 1121 762 coarctationem
1147 742 1169 776 ,
1218 719 1386 776 quem
1429 703 1486 756 in
1517 705 1703 759 locum
1733 718 1903 759 nemo
1926 718 2040 758 sa·-

210 803 315 840 nus
367 786 550 841 hostis
586 785 875 841 subiturus
924 797 1119 854 esset;
1148 799 1278 838 cum
1311 783 1545 840 interim
1578 780 1908 836 Pharnaces
1933 798 2035 839 eo-

210 866 344 920 dem
406 866 582 938 gradu
613 905 633 936 ,
688 881 801 939 quo
852 875 1193 938 praeruptam
1259 861 1634 918 descenderat
1683 862 1743 914 in
1807 863 2037 933 vallem,

206 946 514 1000 ascendere
574 944 847 1000 adversus
905 943 1143 998 ‘arduum
1172 943 1409 998 collem
1481 940 1781 996 instructis
1842 940 2030 1012 copiis

208 1025 406 1097 coepit.
465 1021 656 1080 Caesar
684 1022 1016 1080 incredibili
1056 1021 1173 1096 ejus
1206 1023 1300 1076 vel
1349 1021 1721 1090 temeritate,
1751 1021 1844 1074 vel
1883 1017 2032 1076 fidu·
2067 1044 2156 1108 75

206 1103 299 1158 cia
341 1116 529 1160 motus
551 1144 570 1174 ,
600 1121 703 1159 nec
744 1103 983 1176 opinans
1015 1141 1035 1174 ,
1068 1103 1493 1175 imperatusque
1533 1116 1873 1174 oppressuS,
1917 1115 2033 1157 eo-

206 1182 341 1238 dem
382 1195 639 1256 ternpore
671 1182 887 1238 milites
934 1183 1007 1238 ab
1048 1182 1318 1254 operibus
1365 1191 1576 1251 vocat,
1617 1195 1782 1236 arma
1830 1194 2038 1253 capere

198 1260 361 1335 jubet
383 1301 403 1334 ,
442 1263 695 1336 legiones
722 1262 966 1336 opponit
995 1300 1015 1333 ,
1054 1261 1238 1317 aciem
1269 1261 1528 1316 instruit.
1575 1257 1748 1333 Cujus
1796 1260 1886 1315 rei
1920 1277 2038 1316 vsu...v

204 1341 331 1396 bita
382 1343 699 1414 trepidatio
726 1358 993 1416 magnum
1034 1353 1316 1397 terrorem
1347 1340 1548 1394 attulit
1597 1339 1810 1399 nostris
1832 1377 1852 1410 ,
1889 1356 2040 1398 non·

204 1420 342 1476 dum
389 1421 687 1478 ordinibus
733 1422 1049 1478 instructis.
1092 1415 1152 1466 ⁹⁸
1206 1419 1454 1476 Falcatae
1503 1419 1675 1492 regiae
1735 1419 2030 1494 quadrigae

204 1501 515 1574 permistos
572 1503 791 1558 milites
846 1499 1179 1573 perturbant
1220 1533 1266 1572 ,-
1314 1515 1434 1574 quae
1490 1511 1686 1554 tamen
1755 1499 2032 1556 celeriter

202 1581 573 1637 multitudine
614 1584 858 1638 telorum
888 1581 1311 1654 opprimuntur.
1365 1578 1694 1652 Insequitur
1743 1577 1846 1634 has
1876 1579 2042 1636 acies

112 1691 115 1700 ·
204 1657 459 1716 hostium
480 1700 500 1733 ,
528 1673 591 1716 et
632 1663 884 1717 clamore
932 1660 1159 1716 sublato
1216 1657 1548 1733 confligitur
1574 1697 1594 1730 ,
1643 1660 1884 1714 multum
1921 1661 2032 1716 ad-

197 1737 437 1810 juvante
497 1751 700 1796 natura
749 1739 907 1809 loci,
958 1739 1264 1812 plurimum
1306 1737 1561 1796 Deorum
1613 1738 2030 1796 immortalium

200 1816 600 1893 benignitate,
628 1819 727 1899 qui
769 1836 904 1876 cum
944 1819 1205 1876 omnibus
1259 1817 1481 1874 casibus
1529 1818 1668 1874 belli
1715 1819 2032 1892 intersunt,

202 1909 327 1952 tum
359 1900 635 1971 praecipue
682 1900 769 1954 cis
797 1939 818 1972 ,
866 1892 1067 1973 quibus
1113 1898 1263 1954 nihil
1312 1899 1538 1954 ratione
1587 1898 1781 1972 potuit
1827 1899 2030 1955 admi·-

203 1978 461 2034 nisu-ari.
534 1978 753 2054 Magno
784 2018 804 2051 ,
870 1991 1041 2053 atque
1106 1979 1230 2033 acri
1279 1966 1538 2035 cominus
1597 1978 1796 2050 prelio
1841 1977 2023 2053 facto,
2059 1984 2152 2062 '1⁶

196 2057 403 2113 dextro
452 2076 627 2115 cornu
653 2096 674 2130 ,
716 2075 827 2133 quo
885 2071 1164 2114 veterana
1206 2059 1360 2132 legio
1401 2075 1483 2114 v1⁴
1535 2069 1684 2114 erat.
1719 2059 2030 2134 collocata,-

194 2135 430 2193 initium
480 2140 739 2195 victoriae
780 2151 976 2194 natum
1024 2150 1113 2194 est
1140 2137 1215 2193 ab
1263 2153 1332 2192 ea
1373 2151 1538 2210 parte
1562 2174 1583 2208 ,
1624 2153 1754 2193 cum
1786 2137 1848 2192 in
1879 2157 2030 2211 pro..

196 2215 351 2271 clive
398 2218 839 2274 detruderentur
890 2219 1126 2288 hostes,
1165 2219 1346 2273 multo
1389 2217 1652 2290 tardius,
1677 2215 1778 2274 sed
1831 2231 2038 2277 tamen·

194 2293 405 2350 iisdem
462 2296 595 2352 Diis
650 2296 1051 2370 adjuvantibus
1096 2335 1117 2366 ,
1158 2296 1398 2352 sinistro
1445 2313 1622 2354 cornu
1656 2327 1679 2369 ,·
1723 2298 2036 2377 mediaque·

195 2373 325 2429 acie
372 2387 526 2431 totae·
560 2376 935 2450 profligantur
982 2377 1160 2448 copiae
1220 2377 1388 2451 regis·
1451 2375 1592 2450 Quae
1631 2393 1800 2450 quam
1851 2377 2030 2438 facile

195 2453 489 2511 subierant
545 2456 802 2531 iniquum
856 2459 1045 2513 locum
1074 2495 1094 2526 ,
1144 2469 1265 2512 tam
1311 2457 1576 2513 celeriter
1627 2457 1806 2531 gradu
1857 2462 2028 2532 pulso

195 2535 601 2606 premebantur
650 2537 765 2592 loci
821 2535 1148 2610 iniquitate.
1220 2535 1422 2611 Itaque
1467 2539 1684 2608 ⁸multis
1743 2539 2026 2598 militibus

193 2615 411 2685 par'tirn
460 2615 787 2672 interfectis
809 2655 829 2688 ,
869 2616 1084 2689 partim
1112 2629 1346 2674 suorum
1371 2618 1539 2674 ruina
1565 2620 1854 2690 oppressis
1875 2657 1895 2690 ,
1923 2622 2026 2694 qui

190 2693 513 2751 velocitate
562 2693 812 2770 effugere
863 2708 1134 2768 poterant
1171 2735 1192 2766 ,
1248 2697 1427 2753 armis
1477 2710 1670 2752 tamen
1731 2697 2022 2776 projectis,
2087 2749 2092 2756 .

191 2775 406 2828 vallem
457 2776 797 2849 transgressi
822 2813 846 2847 ,
882 2775 1027 2830 nihil
1069 2792 1140 2832 ex
1168 2778 1298 2832 loco
1326 2777 1620 2850 superiore
1651 2777 1898 2850 inermes
1925 2779 2028 2834 ef-

188 2847 366 2908 ficere
395 2868 684 2927 poterant.
724 2853 809 2910 At
848 2855 1033 2912 nostri
1063 2855 1314 2912 victoria
1345 2857 1487 2912 elati
1525 2855 1719 2912 subire
1765 2858 2027 2932 iniquum

191 2931 378 2987 locum
422 2973 440 3004 ,
489 2935 945 3008 munitionesque
1004 2935 1247 3009 aggred-i
1305 2943 1420 2993 no'n
1459 2935 1822 2992 dubitarunt.
1889 2935 2028 2994 De-

188 3013 589 3071 scendentibus
626 3026 824 3072 autem
858 3013 1308 3072 mecchol-tibus
1334 3027 1529 3072 castra
1547 3055 1569 3089 ,
1593 3033 1736 3092 quas
1765 3016 2028 3074 Pharna?

193 3104 289 3146 ces
342 3096 613 3165 presidio
642 3096 998 3170 reliquerat,
1046 3096 1320 3153 celeriter
1345 3097 1557 3154 castris
1593 3097 1848 3155 hostium
1891 3111 2026 3155 sunt

248 3275 317 3329 98
382 3280 602 3326 falcata
658 3282 807 3339 regia
826 3226 845 3265 ἡ
864 3281 1067 3341 quadri-
1132 3279 1266 3329 Vide
1301 3281 1412 3330 Liv.
1433 3296 1646 3333 xxxvu.
1677 3294 1724 3332 1.
1751 3293 1840 3344 41.
1885 3285 2027 3334 cur-

180 3337 327 3400 eae.)
386 3339 737 3392 Orientalium
780 3352 1066 3394 armatura.
1132 3343 1268 3394 tium
1295 3358 1376 3396 ιν.
1407 3355 1459 3404 9.
1503 3356 1558 3400 et
1581 3356 1670 3423 35.
