2459 3834
393 1673 473 1733 ⁴9<

408 2468 482 2527 50

479 80 626 177 508
987 104 1085 157 ns
1123 103 1364 158 nanno
1402 103 1791 159 Armcmo

476 184 536 229 ²³
571 196 631 240 ut
663 184 716 239 si
745 199 874 240 cum
916 184 1038 258 ipse
1066 187 1280 259 aliquid
1314 186 1677 242 auctoritatis
1708 188 1941 243 haberet
1967 227 1987 260 ,
2016 186 2309 246 exercitus

474 260 765 336 Scipionis
804 282 854 319 a‘
889 278 1111 321 terrore
1160 264 1401 323 Caesaris
1448 267 1830 341 liberaretur5
1878 286 2005 323 cum
2056 288 2150 323 ιη.
2214 272 2312 324 le-

486 344 748 419 gionibus
790 383 810 416 ,
859 346 1254 419 equitibusque
1303 344 1553 401 fraenatis
1602 364 1754 402 nccc.
1789 388 1809 419 ,
1858 348 2130 403 Numidis
2184 350 2314 405 sine

487 422 718 494 fraenis‚
781 425 1175 499 peditibusque
1234 426 1349 500 ejus
1409 438 1707 481 armaturae
1777 428 1979 500 grandi
2052 444 2321 500 numero,

490 504 918 576 elephantisque
970 520 1094 561 xxx.
1129 522 1393 579 egraessus
1444 522 1477 560 e
1525 522 1701 579 regno
1730 508 1799 561 ad
1844 505 2177 599 Scipionem
2228 520 2323 563 est

489 581 799 657 profectus.
852 582 1160 678 Ppstquarn
1213 586 1284 640 ad
1340 602 1469 641 eum
1519 586 1819 657 pervenit,
1870 586 2075 642 castris
2136 587 2327 661 regiis

490 678 742 718 seorsum
796 664 1036 736 positis,
1089 682 1216 719 cum
1268 666 1351 721 eis
1400 665 1626 736 copiis,
1672 682 1811 737 quas
1840 668 2320 738 commemoravi,

489 741 683 797 haud
670 758 755 798 ita
782 746 950 817 longe
981 746 1052 799 ab
1081 743 1348 815 Scipione
1372 744 1649 799 consedit.
1693 744 1887 800 Erat
1868 763 1930 800 ιο
1960 746 2170 801 castris
2192 744 2326 801 Cae-

493 824 639 878 saris
669 825 949 895 superiori
981 838 1241 897 tempore
1272 840 1506 897 magnus
1538 836 1764 879 terror·
1747 864 1769 897 ‚
1824 837 1887 881 et
1914 825 2325 897 exspectatio-

491 918 566 958 ne
597 906 889 997 copiarum
932 905 1215 976 regiarum
1246 904 1530 959 exercitus
1559 902 1676 976 ejus
1708 920 1912 979 magna
1949 905 2328 976 suspensione

494 983 676 1039 animi
734 998 868 1040 ante
907 984 1214 1040 adventum
1266 983 1423 1055 Jubae
1470 985 1959 1040 commovebatur.
2008 984 2329 1077 Postquam

495 1080 640 1119 vero
687 1077 876 1119 castra
934 1066 1138 1120 castris
1188 1064 1435 1119 contulit
1458 1102 1478 1133 ,
1520 1063 1805 1136 despectis
1833 1063 1950 1139 ejus
1980 1065 2206 1136 copiis,
2256 1082 2331 1121 o·

496 1158 688 1197 mnem
718 1156 997 1199 terrorem
1025 1145 1286 1217 deponit,
1315 1144 1404 1197 Ita
1428 1182 1445 1213 ,
1474 1159 1641 1215 quam
1669 1156 1841 1199 antea
1872 1144 2069 1201 absens
2100 1143 2331 1200 habue-

498 1234 592 1276 rat
622 1224 1027 1279 auctoritatem
1049 1264 1067 1294 ‚
1107 1240 1236 1279 eam
1265 1238 1490 1280 omnem
1526 1239 1763 1293 praesens
1806 1223 2151 1279 dimisserat.
2188 1222 2329 1297 Quo

499 1300 656 1358 facto
697 1302 865 1358 facile
893 1303 1005 1369 fuit
1037 1305 1394 1359 intellectum
1414 1341 1433 1374 ,
1477 1300 1732 1374 Scipioni
1764 1304 2021 1358 additum
2046 1303 2330 1375 animum,

499 1380 876 1457 fiduciamque
922 1384 1072 1459 regis
1102 1381 1551 1450 adventu.‚Nam
1612 1396 1844 1455 postero
1887 1383 1982 1437 die
2024 1383 2329 1439 universas

509 1479 634 1518 suas
657 1502 676 1533 ‚
719 1465 979 1537 regisque
1020 1465 1212 1535 copias
1256 1480 1385 1519 cum
1428 1462 1749 1535 elephantis
1782 1478 1865 1516 nx.
1910 1462 2216 1534 productas
2260 1463 2329 1518 in

505 1543 690 1597 aciem
712 1583 732 1614 ,
761 1560 927 1617 quam
973 1544 1393 1617 speciosissime
1419 1542 1605 1615 potuit
1630 1582 1649 1613 ,
1678 1542 1954 1597 instruxit
1980 1560 2000 1613 3
2024 1558 2091 1597 ac
2134 1543 2329 1614 paullo

507 1622 731 1695 longius
784 1640 1104 1697 progressus
1160 1640 1194 1678 a
1253 1624 1368 1681 suis
1416 1622 1866 1692 munitionibus,
1921 1633 2020 1676 aut
2077 1622 2159 1675 ita
2224 1622 2331 1678 diu

511 1715 890 1760 commoratus
912 1742 932 1775 ,
961 1720 1020 1759 se
1050 1703 1271 1775 recepit
1313 1704 1373 1757 in
1403 1713 1608 1757 castra.
1638 1698 1828 1757 Caesar
1861 1714 2149 1775 postquam
2179 1701 2332 1754 ani-

511 1783 825 1839 madvertit
880 1823 900 1855 ,
975 1781 1232 1856 Scipioni
1292 1783 1503 1837 auxilia
1563 1780 1683 1836 fere
1741 1798 1860 1854 quae
1918 1792 2334 1852 exspectasset,

513 1864 705 1917 omnia
735 1863 1106 1933 convenisse,
1157 1880 1339 1937 neque
1376 1878 1594 1917 moram
1628 1860 1913 1935 pugnandi
1944 1863 2115 1915 ullam
2166 1858 2337 1915 fore-

502 1959 606 2013 per
646 1941 835 2015 jugum
866 1960 1142 1998 summum
1173 1960 1300 1997 cum
1330 1942 1513 2015 copiis
1545 1941 1817 2016 progredi
1845 1941 2025 2012 coepit
2049 1980 2069 2011 ,
2096 1952 2157 1995 et
2188 1939 2340 1994 bra-

501 2023 636 2074 chia
683 2022 937 2092 protinus
967 2022 1239 2078 diducere
1263 2061 1282 2094 ,
1324 2036 1384 2078 et
1415 2024 1649 2077 castella
1682 2021 1942 2092 munire,
1989 2020 2339 2093 propiusque

501 2097 699 2172 Scipio
786 2102 1063 2173 capiendo
1140 2105 1268 2159 loca
1341 2103 1563 2159 excelsa
1642 2116 1921 2173 occupare
2006 2099 2340 2156 contendit.

508 2178 846 2237 Adversarii
903 2183 1297 2257 magnitudine
1353 2184 1645 2255 copiarum
1697 2177 1940 2251 confisi,
2003 2179 2328 2258 proximum

512 2266 718 2317 collem
771 2276 1227 2335 occupaverunt.
1289 2276 1459 2336 atque
1507 2262 1593 2317 ita
1640 2261 1871 2334 „longius
1932 2259 2342 2334 progrediendi

516 2342 845 2415 eripuerunt
876 2343 1225 2399 facultatem.
1285 2342 1551 2415 Ejusdem
1608 2340 1770 2395 collis
1820 2339 2134 2411 occupandi
2196 2354 2346 2411 gra-

524 2422 608 2475 tia
660 2421 941 2478 Labienus
990 2422 1289 2479 consilium
1329 2434 1603 2493 ceperat,
1651 2433 1711 2474 et
1761 2435 1872 2492 quo
1902 2418 2166 2491 propiore
2213 2418 2347 2473 loco

524 2500 709 2556 fuerat
731 2541 750 2569 ‚
801 2519 868 2557 eo
918 2503 1163 2557 celerius
1193 2513 1540 2559 occurrerat.
1568 2498 1715 2553 Erat
1745 2498 2021 2554 convallis
2052 2496 2192 2552 satis
2220 2512 2352 2551 ma·

525 2595 638 2651 gna
669 2581 1005 2651 latitudine,
1035 2582 1342 2637 altitudine
1384 2591 1691 2653 praerrupta
1712 2616 1731 2649 ‚
1778 2578 1993 2633 crebris
2022 2577 2163 2631 locis
2204 2590 2349 2647 spe-

527 2662 702 2715 lunca
749 2662 810 2719 in
859 2662 1089 2719 niodum
1139 2661 1429 2719 subrutis:
1488 2661 1551 2706 ’Ν
1602 2674 1719 2731 quae
1778 2671 1945 2713 erant
2003 2657 2348 2712 transeunda

599 2898 662 2946 73
728 2895 790 2935 Ut
826 2894 871 2939 si
897 2904 996 2939 eum
1043 2891 1145 2951 ipse
1194 2886 1386 2946 aliquid.
1387 2884 1410 2930 ἱ
1536 2896 1605 2943 74
1667 2888 1783 2939 ,ραι
1824 2888 1963 2928 erant
2012 2878 2353 2931 trmiseunda.)

534 2948 672 2997 Libri
722 2954 962 3014 varinnt3
1010 2962 1204 2999 veteres
1252 2960 1306 3001 ut
1339 2964 1408 2995 se·
1472 2952 1599 2995 Loca
1622 2944 1876 2993 videlicet.
1899 2942 1976 2989 Sic
1999 2940 2155 2987 codex
2178 2938 2353 2987 Victo·

535 3026 660 3058 cum.
689 3018 964 3067 recentium
1006 3017 1200 3073 plures,
1234 3012 1348 3059 inde
1380 3024 1411 3058 a
1477 3010 1560 3066 rii,
1588 3007 1733 3055 ve'tus
1764 3011 1936 3053 venet.
1958 2999 2229 3061 Hironymi
2254 3005 2353 3049 Bo-

537 3076 820 3135 scaligero,
855 3092 910 3127 nt
935 3084 1136 3126 sicum.
1170 3074 1409 3132 Goduini‚
1472 3072 1645 3129 nonii,
1674 3070 1798 3117 item
1838 3065 2072 3127 Gryphii.
2094 3052 2353 3113 Posterius

537 3148 592 3182 ut
611 3141 657 3185 si
677 3155 791 3187 cum.
815 3144 960 3200 Quod
985 3141 1210 3200 sequitur
1230 3142 1411 3186 libera·
1474 3135 1600 3185 editi
1621 3133 2040 3189 transgrediendae,
2060 3127 2204 3190 quasi
2228 3140 2350 3187 spe·-

536 3206 693 3258 retur,
711 3217 739 3251 a
764 3206 1010 3252 Beroaldo
1033 3214 1107 3251 est
1125 3204 1188 3251 ad
1210 3212 1413 3249 sensum
1478 3200 1639 3247 luucae
1663 3196 1797 3256 quod
1823 3206 1919 3241 non
1944 3192 2181 3245 cohaeret.
2210 3190 2353 3251 Regi·

537 3236 914 3314 comn’iendum.
937 3267 1158 3330 Ideoque
1187 3265 1323 3316 male
1344 3274 1418 3313 sa·
1480 3260 1591 3322 gius
1635 3257 1743 3309 cod.
1771 3257 2167 3318 transgredienda
2187 3287 2205 3315 ,
2231 3262 2353 3316 puta
2386 3286 2391 3291 -

536 3334 632 3377 nus
649 3326 738 3376 hic
765 3331 900 3377 loeus
925 3338 1016 3379 est.
1482 3325 1609 3376 loca·

1142 3496 1190 3506 ...μ

1162 3510 1168 3518 ·
