2459 3834
433 81 583 183 586
1008 105 1079 160 c.
1137 105 1345 176 Juzu
1398 103 1725 160 cAEsAms

455 203 463 208 ·
549 184 951 245 Nonodeeimo
993 188 1188 243 atatis
1225 202 1377 243 anno
1408 186 1480 242 L.
1518 184 1763 246 Crassus
1810 184 1883 246 C.
1922 185 2271 266 Carbonem,

427 285 545 328 nno
592 282 653 326 et
703 267 990 344 vigesimo
1037 265 1232 324 Caesar
1282 265 1649 324 Dolabellam
1675 275 1707 342 ,‘
1738 271 1927 326 altero
1972 285 2038 326 et
2086 273 2271 348 trige-

431 351 584 407 simo
629 348 868 404 Asinius
897 345 1087 404 Pollio
1129 345 1460 423 Catonem,
1510 365 1625 404 non
1656 352 1836 407 multo
1876 361 2051 407 aetate
2090 368 2269 409 ante-

431 431 640 486 cedens
689 427 900 485 Calvus
953 428 1257 484 Vatinium
1278 467 1299 500 ,
1328 429 1407 486 iis
1439 429 1801 486 orationibus
1838 429 2087 488 insecuti
2116 447 2271 506 sunt,

433 527 574 585 quas
603 507 779 566 hodie
805 525 935 566 cum
965 509 1358 566 admiratione
1396 510 1664 586 legimus.
1693 509 1805 568 Ex
1832 521 2069 570 auctore
2088 513 2249 571 dialo
2264 545 2277 557 ⁴

435 591 512 670 gi
551 591 623 646 de
655 587 1028 647 Oratoribus.
2312 651 2321 654 ,

553 667 841 726 Ceterum
869 670 1194 744 composita
1223 669 1515 728 seditione
1550 670 1751 745 civili,
1794 667 2109 730 Cornelius
2132 673 2278 732 Do·-

431 749 700 808 labellam
745 753 1144 823 consularem,
1186 765 1249 807 et
1298 751 1717 825 'triumphalem
1746 753 1941 808 virum
1990 767 2279 828 repetun-

433 831 636 888 darum
687 833 1003 905 postulavit
1022 873 1044 907 ‚
1071 832 1508 908 absolutumque
1533 833 1806 890 Rhodum
1834 833 2108 890 secedere
2136 849 2275 892 sta-

434 913 571 969 tuit.
605 911 714 968 E'x
759 911 812 970 S
815 922 1003 970 ueton.
1035 914 1098 968 in
1141 911 1356 969 Caesar.

559 993 754 1048 Divus
779 1009 1004 1068 quoque
1031 993 1220 1064 Julius
1246 1034 1267 1066 ,
1315 1009 1485 1067 quam
1526 992 1781 1050 coelestis
1830 993 2080 1050 numinis
2100 1033 2121 1066 ,
2152 1004 2283 1052 tam

435 1073 614 1128 etiam
651 1075 884 1128 humani
917 1073 1132 1148 ingenii
1166 1072 1655 1146 perfectissimum
1702 1076 1967 1132 columen
1991 1115 2011 1145 ,
2038 1075 2160 1130 vim
2192 1075 2295 1132 fa·

437 1155 654 1211 cundiae
689 1155 930 1228 pmpriae
969 1155 1255 1226 expressit
1284 1193 1303 1225 ,
1344 1153 1590 1210 dicendo
1630 1154 1692 1212 in
1742 1156 2113 1212 accusatione
2162 1153 2287 1213 Cn.

435 1233 756 1290 Dolabelloe
787 1273 808 1304 ,
851 1249 1018 1307 quem
1077 1251 1237 1290 reum
1278 1234 1403 1306 agit
1433 1273 1453 1306 ,
1500 1236 1838 1308 extorqueri
1884 1235 1996 1290 sibi
2046 1252 2289 1292 causam

438 1313 723 1400 optimam
753 1313 821 1370 L.
853 1311 1046 1371 Cottae
1090 1315 1440 1390 patrocinio.
1487 1313 1597 1371 Ex
1648 1312 1863 1372 Valer.
1913 1314 2095 1372 Max.
2138 1315 2183 1374 Ι.
2218 1315 2297 1375 8.

444 1407 573 1468 cap.
607 1400 680 1466 9⁰¹
1221 1437 1228 1442 -

562 1474 633 1530 C.
678 1473 870 1531 Caesar
899 1473 1008 1532 Cn.
1039 1474 1407 1534 Dolabellam
1436 1474 1733 1534 accusavit
1754 1515 1774 1549 ‚
1802 1491 1911 1532 nec
1954 1475 2295 1537 damnavit.

439 1553 552 1612 Ex
585 1555 848 1613 Pediano
881 1557 944 1612 in
973 1566 1122 1613 orat.
1151 1569 1262 1630 pro
1288 1557 1503 1614 Marco
1522 1555 1577 1616 S
1576 1572 1769 1614 cantro.

560 1633 866 1710 Significat
917 1650 978 1692 et
1023 1635 1345 1709 Caesarem,
1384 1639 1531 1693 item
1554 1638 1987 1694 adolescentem
2012 1675 2033 1708 ,
2060 1637 2127 1694 in
2158 1637 2303 1694 Do-
2348 1630 2353 1632 ⁷
2412 1629 2414 1666 ³

437 1714 650 1772 labella
693 1733 793 1774 reo
823 1735 894 1772 ex
927 1716 1135 1774 Sicilia
1155 1757 1175 1791 ,
1205 1719 1302 1792 qui
1334 1719 1567 1792 quidem
1592 1718 1897 1774 damnatus
1928 1728 2017 1772 est
2040 1757 2059 1788 ,
2084 1735 2303 1790 quan-

441 1809 568 1888 tum
597 1798 862 1872 oportuit
903 1816 1003 1871 per
1023 1799 1402 1856 Hortensium
1423 1839 1445 1872 ,
1470 1808 1587 1856 etc.
1617 1797 1729 1854 Ex
1753 1797 2013 1855 Pediano
2053 1797 2117 1852 in
2148 1799 2301 1855 Da·-

445 1893 917 2008 ση.Ε’πανελΘών
952 1958 990 2007 δ’
1031 1959 1109 2018 εἰς
1146 1957 1338 2019 Ῥώμην
1372 1995 1387 2018 ,
1411 1956 1770 2014 Δολαβέλλαν
1808 1961 1977 2018 ἔκρινε
2012 1955 2301 2016 κακώσεως

445 2021 733 2080 ἐπαρχίας.
771 2027 860 2070 καὶ
903 2019 1112 2070 πολλαὶ
1147 2023 1256 2072 ἀπο
1302 2030 1400 2082 τῆς
1452 2020 1698 2080 Ε’λλαδος
1748 2023 1859 2070 τῶν
1900 2018 2117 2070 πολεων
2165 2036 2309 2080 μαρ-

448 2084 628 2140 τυρίαι
679 2083 824 2136 aava!
873 2088 1164 2146 πὰρὲσχον.
1210 2087 1307 2148 μέν
1360 2083 1449 2138 οὖν
1490 2081 1844 2146 Δολαβέλλας
1902 2083 2155 2143 ἀπέΦυΥε
2190 2097 2305 2142 'rm'

446 2143 603 2217 ζίκην.
646 2154 732 2198 Ex
775 2155 977 2199 Plator.
1011 2153 1061 2198 r‘n
1097 2155 1218 2200 Caes.

885 2295 998 2351 Ex
1050 2293 1296 2356 ORAT.
1343 2295 1459 2355 AD
1496 2291 1879 2380 mutas„

565 2439 748 2498 Fama
788 2457 930 2498 vero
959 2440 1261 2498 hostilium
1292 2443 1593 2516 copiarum
1624 2437 1971 2514 perterritos
1993 2477 2014 2511 ‚
2040 2452 2165 2495 non
2194 2451 2317 2493 ne-

447 2522 639 2595 gando
660 2561 680 2592 ‚
711 2521 1096 2582 minuendove
1118 2562 1137 2593 ,
1177 2524 1277 2578 sed
1324 2524 1577 2594 insuper.
1602 2518 2012 2593 amplificando
2032 2557 2053 2590 ‚
2082 2535 2315 2574 emen-

451 2601 764 2676 tiendoque
809 2601 1189 2658 confirmabat
1222 2619 1239 2659 ε
1292 2602 1489 2677 itaque
1516 2595 2039 2672 cumexspectatio
2063 2600 2315 2654 adven-

450 2694 544 2738 tus
587 2681 623 2752 J
628 2683 746 2738 ubae
788 2682 1070 2738 terribilis
1097 2695 1249 2739 esset
1279 2722 1301 2754 ‚
1334 2683 1668 2738 convocatis
1712 2681 1783 2734 ad
1815 2679 2158 2736 concionem
2190 2679 2322 2733 mi-

449 2762 654 2817 litibus
687 2781 700 2818 :
743 2760 1011 2835 Scitote,
1051 2764 1242 2836 inquit
1272 2802 1291 2832 ,
1334 2761 1691 2835 paucissimis
1730 2760 1825 2815 his
1871 2758 2071 2814 diebus
2101 2775 2320 2832 regem

455 2841 764 2899 afluturum
809 2861 936 2898 cum
994 2862 1052 2900 x.
1109 2843 1430 2918 legionibus
1463 2882 1483 2913 ,
1538 2843 1799 2916 equitum
1851 2856 1983 2896 xxx.
2031 2858 2099 2895 Μ.
2152 2840 2324 2894 levis

455 2935 762 2978 armaturae
801 2940 854 2979 c.
907 2924 1203 2994 millibus,
1236 2923 1677 2996 elephantisque
1728 2937 1848 2978 ccc.
1900 2917 2147 2991 proinde
2200 2919 2329 2974 de-

456 3003 654 3058 sinant
707 3001 940 3076 quidam
988 3021 1242 3079 quaerere
1291 3009 1444 3058 ultra
1474 3042 1493 3074 ,
1533 3016 1633 3058 aut
1683 3001 1957 3074 opiam-13
2012 2999 2325 3070 mihique,

457 3083 554 3156 qui
599 3096 961 3156 compertum
1003 3085 1189 3142 habeo
1209 3125 1230 3156 ‚
1269 3081 1545 3141 credant:
1592 3096 1692 3140 aut
1732 3081 1965 3156 quidem
2008 3079 2333 3135 vetustis-

413 3212 420 3219 .
459 3163 620 3216 sima*
639 3179 788 3218 nave
825 3164 1132 3237 impositos
1180 3178 1541 3238 quocumque
1571 3175 1749 3219 ventu
1798 3162 1863 3217 in
1911 3173 2330 3235 quascumque

462 3242 897 3317 terrasJJubebo
924 3245 1123 3302 avehi.
1156 3245 1267 3302 Ex
1292 3243 1469 3302 Suet.
1504 3245 1567 3300 in
1594 3242 1816 3302 Ces-sar.

581 3321 651 3377 C.
703 3319 897 3378 Caesar
943 3327 1096 3400 apud
1149 3326 1367 3398 mllites
1426 3326 1501 3381 de
1550 3323 1590 3368 'l‘
1650 3320 2035 3382 incommodis
2084 3337 2337 3380 eorum:
