2459 3834
821 110 979 182 ΠΒ.
1033 126 1111 181 A.
1160 128 1440 182 marn.
1561 110 1565 123 '
1789 104 1804 115 ’
1886 128 2043 207 459

178 218 369 267 catos
416 226 545 266 cum
586 206 735 267 telis
778 226 970 267 secum
1021 211 1236 265 habere
1284 212 1708 283 consueverat,
1751 226 1787 266 a
1843 215 2047 287 quibus

180 292 398 346 caeteri
442 292 908 351 intercluduntur
929 332 948 363 ,
990 293 1083 364 qui
1118 293 1189 346 ad
1222 294 1433 347 caedern
1467 292 1791 348 faciendam
1835 293 2049 349 subse-

188 372 543 445 quebantur.
592 372 723 446 Quo
768 373 827 425 in
885 388 1120 429 numero
1170 372 1280 427 fuit
1329 371 1674 446 Calpurnius
1719 371 2043 447 Salvianus,

192 463 263 507 et
324 452 603 507 Manilius
664 451 963 508 Tusculus.
1020 452 1312 508 Minutius
1361 454 1514 509 inter
1562 469 1743 525 saxa,
1789 470 1912 529 quae
1951 453 2051 527 ja·-

190 533 510 588 ciebantur
534 571 553 603 ,
582 530 643 587 in
674 532 887 587 itinere
918 532 1141 607 fugiens
1180 534 1532 607 opprimitur
1555 574 1574 607 ‚
1603 547 1664 590 et
1706 536 1892 592 relato
1931 538 2052 591 do·-

194 628 361 667 mum
396 610 601 667 Cassio
642 612 711 664 ad
768 628 897 667 eum
929 613 1262 669 deducitur.
1315 614 1572 670 Racilius
1615 614 1676 669 in
1728 615 2052 688 proximam

196 709 267 747 se
308 695 541 747 domum
576 689 884 748 familiaris
930 692 1337 763 sui·confert,
1378 696 1509 749 dum
1551 706 1772 749 certum
1824 712 2050 769 cogno·-

196 782 399 827 sceret
421 810 442 843 ,
482 772 849 828 confectusne
898 770 1129 829 Cassius
1179 787 1352 828 esset.
1385 772 1452 828 L.
1483 773 1853 845 Laterensis,
1910 790 2042 831 cum

199 851 271 905 id
327 868 439 909 non
492 853 826 924 dubitaret,
869 855 1122 908 accurrit
1178 856 1337 908 laetus
1378 854 1438 908 in
1480 866 1715 926 castra;
1762 855 2050 911 militibus

200 932 581 1004 vernaculis,
630 947 688 989 et
742 932 997 993 secundae
1047 930 1333 1008 legionis,
1381 933 1584 1008 quibus
1641 930 1777 989 odio
1827 934 2050 991 sciebat

205 1014 500 1086 praecipue
550 1011 815 1079 Cassium
868 1030 1030 1087 esse,
1072 1016 1417 1089 gratulatur.
1469 1012 1721 1070 Tollitur
1761 1029 1796 1069 a
1836 1015 2054 1069 multi·-

204 1094 416 1147 tudine
458 1097 515 1149 in
562 1092 880 1149 Tribunus
916 1107 1121 1168 praetor
1159 1096 1526 1166 appellaturz
1577 1110 1746 1150 nemo
1789 1094 1944 1149 enim
1989 1094 2054 1149 in

209 1175 519 1246 provincia
569 1187 781 1245 natus,
823 1187 920 1229 aut
972 1176 1286 1230 vernaculae
1342 1174 1586 1249 legionis
1649 1175 1816 1229 miles
1856 1212 1877 1245 ,
1945 1188 2046 1233 aut

202 1254 609 1323 diuturnitate
654 1250 770 1327 jam
828 1256 1013 1323 factus
1068 1254 1441 1327 provincialis
1473 1294 1492 1326 ,
1539 1270 1650 1327 quo
1702 1252 1761 1308 in
1815 1270 2053 1312 numero

215 1346 348 1389 erat
408 1346 500 1389 tt.
554 1335 749 1407 legio,
800 1350 910 1389 non
959 1351 1088 1389 cum
1138 1334 1298 1391 omni
1344 1335 1645 1407 provincia
1687 1348 2055 1390 consenserat

211 1411 277 1466 in
310 1411 449 1469 odio
476 1410 686 1470 Cassii.
720 1412 873 1469 Nam
906 1416 1159 1489 legiones
1201 1432 1332 1469 xxx.
1363 1426 1424 1469 et
1466 1432 1586 1469 xxx.
1638 1413 1832 1487 paucis
1880 1430 2057 1469 men-

210 1490 371 1549 sibus
419 1493 477 1548 in
514 1494 689 1548 Italia
722 1496 973 1570 scriptas
1023 1492 1213 1550 Caesar
1265 1493 1586 1550 atribuerat
1645 1493 1930 1568 Longini).
1984 1510 2043 1551 v.

208 1574 367 1647 legio
421 1573 499 1628 ibi
552 1590 733 1644 nuper
776 1583 915 1629 erat
931 1575 1215 1631 confecta.
1247 1574 1489 1632 Interim
1522 1575 1818 1629 nuntiatur
1856 1572 2043 1631 Late·
2089 1590 2166 1653 54

204 1653 362 1709 rensi
398 1655 595 1710 vivere
634 1652 917 1711 Cassium.
968 1654 1099 1728 Quo
1148 1654 1352 1711 nuntio
1375 1656 1633 1726 „dolore
1678 1654 1862 1728 magis
1907 1672 2051 1727 per-

208 1744 406 1790 motus
428 1770 449 1807 ,
490 1750 659 1807 quam
690 1736 884 1791 animo
931 1734 1298 1807 perturbatus
1333 1732 1524 1793 reficit
1555 1736 1822 1791 celeriter
1863 1752 1960 1806 se,
1987 1746 2051 1793 et

214 1814 288 1869 ad
338 1810 601 1869 Cassium
648 1814 945 1869 visendum
1004 1814 1409 1888 proficiscitur.
1459 1816 1550 1870 Re
1593 1814 1868 1889 cognita,
1911 1832 2044 1873 xxx.

213 1892 369 1967 legio
417 1894 579 1968 signa
612 1891 943 1951 Cordubam
966 1894 1143 1950 infert
1174 1897 1246 1956 ad
1278 1895 1556 1951 auxilium
1587 1894 1881 1951 ferendum
1919 1897 2051 1949 Im-

214 1973 472 2046 peratori
522 1991 643 2032 suo.
695 1974 863 2031 Facit
917 1976 1026 2031 hoc
1068 1975 1222 2031 idem
1262 1992 1377 2033 xxx.
1433 1976 1800 2049 subsequitur·
1835 1976 1938 2030 has
1981 1993 2038 2031 v.

214 2050 364 2111 Cum
393 2055 514 2110 duae
557 2058 810 2129 legiones
842 2055 1070 2127 reliquae
1112 2070 1304 2112 essent
1341 2057 1402 2111 in
1442 2057 1650 2112 castris
1680 2094 1700 2127 ,
1753 2054 2045 2111 Secunda-

212 2135 290 2189 rii
340 2136 557 2207 veriti,
600 2154 670 2190 ne
714 2137 826 2193 soli
877 2138 1378 2209 relinquerentur,
1419 2148 1593 2210 atque
1641 2152 1710 2191 ex
1751 2153 1861 2206 eo,
1905 2134 2046 2209 quid

216 2216 521 2271 sensissent
544 2252 564 2288 ,
604 2214 958 2288 judicaretur
978 2254 999 2289 ,
1038 2217 1221 2271 secuti
1255 2230 1386 2271 sunt
1414 2215 1630 2271 factum
1661 2214 2044 2290 superiorum.

216 2290 541 2350 Permansit
582 2294 642 2349 in
681 2297 972 2351 sententia
1002 2297 1156 2370 legio
1184 2296 1551 2368 vernacula,
1589 2310 1694 2350 nec
1725 2298 1836 2352 ullo
1867 2296 2046 2351 timo-

220 2388 282 2427 re
324 2374 398 2429 de
455 2375 633 2448 gradu
683 2375 905 2449 dejecta
956 2388 1062 2431 est.
1102 2373 1337 2431 Cassius
1389 2392 1529 2446 eos,
1595 2376 1692 2449 qui
1757 2374 2041 2432 nominati
2088 2388 2161 2451 55

218 2466 383 2509 erant
429 2456 645 2511 conscii
689 2454 897 2512 caedis:
924 2454 1087 2530 jubet
1140 2455 1590 2528 comprehendi:
1645 2454 1930 2529 legionem
1989 2473 2043 2509 v.

216 2530 276 2587 in
318 2544 510 2590 castra
552 2534 800 2590 remittit
823 2576 843 2607 ,
884 2536 1221 2592 cohortibus
1252 2552 1344 2591 xx.
1379 2536 1639 2592 retentis.
1663 2536 1891 2592 Indicio
1921 2534 2045 2590 Mi-

215 2613 361 2669 nutii
413 2616 753 2689 cognoscit,
799 2615 865 2671 L.
907 2616 1193 2672 Racilium
1219 2656 1239 2687 ,
1288 2627 1349 2670 et
1407 2614 1475 2671 L.
1525 2615 1940 2686 Laterensem,
1984 2628 2047 2671 et

215 2692 461 2749 Annium
514 2694 813 2767 Scapulam
864 2694 1120 2752 maximae
1166 2696 1516 2770 dignitatis,
1566 2708 1626 2750 et
1675 2698 1873 2771 gratiae
1909 2712 2046 2766 pro·

215 2774 515 2830 vincialem
543 2774 829 2830 hominem
846 2813 866 2847 ,
894 2778 1115 2851 sibique
1140 2788 1258 2833 tam
1296 2774 1617 2831 familarem
1643 2814 1662 2847 ,
1703 2792 1873 2851 quam
1915 2774 2046 2829 La-

217 2862 490 2909 terensem
518 2895 537 2926 ,
568 2868 627 2910 et
674 2856 963 2916 Racilium
988 2895 1006 2927 ,
1045 2858 1105 2911 in
1154 2856 1354 2911 eadem
1397 2854 1572 2910 fuisse
1617 2855 2034 2930 conjuratione.

216 2930 337 2990 Nec
368 2935 466 2990 diu
504 2950 763 2992 moratur
787 2935 1043 2991 dolorem
1084 2954 1245 2993 suum
1269 2975 1287 3005 ,
1328 2936 1470 3009 quin
1511 2952 1609 2991 eos
1650 2934 1903 2991 interfici
1943 2934 2045 3010 ju-

218 3012 361 3071 beat.
392 3013 721 3073 Minatium
749 3016 977 3073 libertis
1009 3018 1189 3073 tradit
1218 3015 1686 3091 excruciandum,
1714 3016 1858 3073 item
1889 3014 2031 3073 Cal·

214 3216 420 3281 elarius,
438 3222 625 3282 credo,
647 3219 705 3276 id
730 3231 899 3272 noster
919 3236 1083 3284 expo·
1148 3236 1215 3274 ne
1243 3237 1394 3273 verus
1418 3223 1672 3285 interpres
1694 3224 1920 3273 Persiiin
1945 3228 2035 3273 Sa-

215 3284 408 3343 suisset,
433 3288 485 3333 P.
508 3288 731 3335 Pitboeus
754 3290 868 3335 libr.
901 3300 942 3334 1.
971 3288 1083 3335 Ad-
1146 3288 1318 3351 tyriv.
1335 3301 1466 3336 vers.
1484 3293 1600 3349 138.
1613 3292 2034 3350 linguaGallorum

214 3360 339 3399 vers.
350 3360 460 3411 cap.
481 3347 919 3415 echaronesle'git.
940 3362 993 3401 et
1010 3366 1085 3403 sa·
1144 3355 1349 3405 barones
1375 3354 1598 3404 dicuntur
1617 3356 1753 3410 scr-m·
1781 3356 2001 3405 militum.
