2459 3834
488 22 679 127 576-
1046 42 1147 95 ms
1182 43 1426 97 Βειιο
1459 37 1768 105 msrffl.

481 126 721 203 „solito
768 122 1011 183 mestior
1037 138 1185 183 ante·
1213 124 1402 181 aciem
1431 140 1628 197 stare,
1674 129 1763 187 ita
1804 140 1996 187 tamen
2039 142 2105 191 ut
2157 136 2340 197 nihil

483 208 698 283 „idem
748 205 821 261 de
872 203 1047 263 solita
1096 204 1472 276 imperatoria
1517 207 1737 265 virtute
1787 212 2114 271 remitteret
2140 232 2158 271 z
2197 218 2343 277 imo

483 303 693 364 „equo
722 285 1033 354 desiliens,
1077 297 1137 339 et
1184 283 1401 339 furenti
1449 286 1816 363 simillimus,
1848 291 2087 362 primam
2133 298 2342 365 pedi-

483 382 674 443 „tum
723 366 785 421 in
825 361 1012 421 aciem
1059 365 1322 420 evolaret
1345 404 1366 436 ‚
1407 367 1698 438 clamans,
1739 359 2080 444 increpans)
2133 376 2346 431 obse-

481 488 527 523 „
550 460 756 517 crans,
806 455 977 518 atque
1006 442 1316 501 exhortans
1335 483 1355 517 ,
1409 462 1512 501 nec
1542 458 1735 502 tamen
1766 461 1906 505 voce
1927 482 1946 520 ⁵
1994 464 2056 505 et
2103 458 2348 530 oculis,

480 526 643 603 „sed
675 538 843 581 manu
862 562 883 595 ‚
932 532 993 579 et
1026 534 1260 596 pectore
1290 519 1480 599 fugam
1508 525 1756 598 sistens,
1783 530 1962 583 etiam
1989 528 2195 603 fugere
2226 536 2345 591 in-

478 607 827 682 „cipientes
880 602 945 659 in
996 604 1248 675 praelium
1298 601 1358 659 vi
1383 601 1760 681 'retornuena
1815 606 2004 663 Tanta
2051 611 2336 687 denique

478 684 865 762 „trepidatio
894 682 1037 739 lucis
1060 682 1216 741 illius
1257 682 1409 755 fuit,
1449 697 1676 759 tamque
1715 684 1814 740 diu
1855 688 2155 763 ambiguus
2199 710 2341 765 pu-

478 806 523 841 „
542 776 664 839 gnae
694 757 827 821 finis
847 802 867 834 ,
895 775 958 819 ut
982 760 1574 841 cogitasse-Caesarem
1604 764 1676 820 de
1703 769 1976 823 extremis
1995 800 2015 838 2
2043 771 2341 843 scripto·-

477 862 670 922 „rum
724 843 955 917 plurimi
1007 842 1398 914 tradiderint3
1444 856 1505 899 et
1546 860 1616 901 eo
1660 848 1817 900 vultu
1867 845 2038 903 fuisse
2069 888 2089 919 ,
2141 855 2336 923 quasi

474 924 677 1003 „jamo
702 934 949 981 mortem
998 922 1110 977 sibi
1173 923 1527 979 consciscere
1594 924 1902 996 cogitaret.
1943 923 2332 1001 Quamquam

474 1046 519 1082 „
541 1004 691 1079 apud
742 1020 841 1061 eos
860 1018 901 1074 ,·
928 996 1026 1076 qui
1060 1002 1254 1074 praelio
1284 1000 1670 1059 interfuerunt
1691 1037 1711 1075 9
1765 1007 1917 1059 nulla
1963 1008 2197 1079 penitus
2227 1013 2330 1069 rei

474 1122 518 1164 „
543 1082 700 1159 hujus
730 1096 820 1138 est
841 1081 1085 1138 mentio.
1117 1080 1194 1135 Et
1226 1094 1314 1137 est
1344 1094 1480 1138 sane
1509 1080 1751 1139 difficile
1792 1096 1903 1141 non
1935 1092 2161 1141 tantum
2196 1090 2330 1145 ab—

472 1204 519 1242 „
538 1162 836 1233 sentibuS,
884 1158 983 1221 sed
1024 1160 1434 1235 praesentibus,
1481 1157 1888 1237 definirequid
1921 1166 2159 1239 quisque
2220 1186 2331 1227 se..

473 1286 519 1322 „
540 1257 671 1301 cum
700 1242 922 1317 cogitet
946 1274 967 1313 ,
997 1251 1105 1314 ego
1133 1250 1326 1297 autem
1368 1242 1520 1297 haud
1557 1239 1796 1297 difficile
1837 1244 1912 1297 ad
1953 1246 2326 1305 credendum

468 1322 755 1400 „ducat‚
807 1318 960 1397 quod
1008 1320 1058 1375 si
1101 1319 1174 1375 de
1204 1320 1456 1377 victoria
1505 1318 1696 1377 Caesar
1746 1322 1982 1394 timuit,-
2021 1324 2194 1381 simul
2245 1342 2324 1385 et

467 1443 513 1482 „
530 1404 604 1461 de
652 1414 843 1459 morte
890 1400 1193 1475 cogitavit.
1247 1396 1493 1475 Quando
1535 1400 1730 1471 enim,
1761 1407 1948 1475 quove
1977 1399 2174 1460 animo
2210 1409 2325 1464 uni

469 1480 881 1560 „adolescenti
914 1495 1075 1554 terga
1103 1480 1372 1537 vertisset
1409 1480 1502 1567 is,
1551 1481 1650 1555 qui
1697 1488 1920 1553 patrem·
1962 1481 2078 1556 ejus
2119 1487 2312 1543 talem

465 1601 513 1639 ‚,
534 1565 761 1632 virum,
810 1554 907 1635 qui
941 1570 1029 1616 tot
1072 1560 1301 1633 Reges,
1340 1562 1436 1633 qui
1484 1572 1572 1615 tot
1629 1563 1910 1635 populos,
1958 1573 2047 1619 tot
2094 1562 2300 1637 duces,

468 1685 512 1719 ,‚
534 1650 647 1700 non
680 1641 899 1700 urbium
928 1635 1121 1710 modo,
1150 1640 1248 1694 sed
1274 1640 1588 1714 regionum,
1620 1640 1792 1696 toties
1824 1648 1984 1714 terga
2013 1640 2124 1697 sibi
2149 1660 2303 1698 ver-

467 1765 511 1800 „
538 1734 662 1781 tere
700 1714 1021 1795 coegisset?
1054 1718 1268 1793 Utique
1309 1716 1487 1793 igitur
1516 1714 1564 1775 si
1595 1720 1752 1775 vinci
1782 1719 1976 1775 timuit
1995 1758 2016 1791 ,
2041 1723 2194 1777 mori
2226 1739 2310 1779 o-

466 1844 512 1879 „
533 1802 744 1878 ptav'it,
766 1802 1000 1856 vincere
1018 1800 1241 1870 solitus,
1273 1814 1381 1854 non
1405 1799 1580 1854 vinci.
1603 1798 1712 1854 Sed
1731 1810 1804 1855 an
1827 1795 1984 1854 vinci
2007 1800 2303 1874 timuerit,

466 1924 512 1959 „
534 1884 661 1959 quis
708 1876 923 1937 novit?
972 1878 1189 1935 Dicunt
1221 1888 1412 1933 tamen
1443 1880 1618 1933 etiam
1640 1916 1660 1950 ,
1707 1878 1938 1952 quidam
1981 1880 2158 1935 etiam
2193 1898 2306 1954 pro

467 1972 827 2039 „comperto
856 1950 1119 2015 afferunt.
1152 1956 1398 2013 Tamdiu
1431 1956 1549 2013 haec
1582 1971 1768 2013 rerum
1807 1958 2152 2033 ambiguitas
2181 1962 2303 2016 du·-

466 2038 686 2117 „ravit
710 2078 733 2110 ‚
781 2039 963 2093 donec
991 2038 1240 2112 quinque
1268 2038 1536 2093 cohortes
1568 2036 1816 2092 hostium
1847 2044 1880 2092 a
1911 2032 2168 2095 Labieno
2197 2057 2296 2095 ca-

469 2162 515 2197 „
536 2120 675 2177 stris
704 2114 1097 2175 laborantibus
1126 2116 1358 2171 directae
1380 2154 1400 2188 ,
1430 2116 1786 2191 mediamque
1815 2128 1917 2189 per
1945 2118 2302 2191 aciempro-

471 2212 804 2278 „perantes
840 2196 985 2272 fugae
1036 2197 1286 2270 speciem
1343 2196 1776 2267 praetenderunt.
1827 2192 1922 2267 Ο,
1962 2190 2193 2253 fortuna
2236 2200 2301 2255 in

470 2323 515 2358 „
534 2276 692 2339 omni
723 2296 787 2336 re
808 2316 827 2348 ,
856 2287 921 2333 ut
950 2278 1206 2333 creditur
1237 2284 1266 2347 ,'
1297 2288 1498 2349 potens
1518 2308 1538 2347 ,
1589 2271 1687 2331 sed
1719 2274 1780 2329 in
1808 2276 1962 2352 bello
2013 2277 2302 2349 potentis-

468 2402 517 2438 „
534 2356 721 2417 sima!
772 2355 1067 2433 Siquidem
1115 2348 1306 2411 Caesar
1336 2355 1462 2410 sive
1493 2355 1623 2411 illas
1652 2372 1788 2411 vere
1815 2353 2011 2429 fugere
2050 2356 2306 2413 arbitra-

461 2482 515 2516 „
537 2451 669 2511 tus,
725 2437 838 2495 sibi
886 2436 1287 2492 credulitatem
1309 2431 1582 2491 simulans
1609 2434 1815 2491 ducum
1868 2436 2296 2511 (sagacissimus,

466 2512 717 2595 „ueluti
767 2513 831 2571 in
879 2515 1141 2589 perfugas
1189 2515 1468 2587 impetum
1521 2508 1704 2585 fecit,
1751 2514 2083 2589 animosque
2113 2516 2297 2572 etiam

467 2640 512 2675 „
531 2598 650 2655 suis
668 2590 921 2665 addidit,
946 2608 1007 2649 ut
1034 2594 1232 2669 fugere
1264 2593 1456 2649 hostes
1514 2594 1628 2649 rati
1677 2606 2045 2667 sequerentur
2066 2632 2088 2669 ‚
2112 2594 2294 2651 etiam

468 2720 513 2755 „
533 2676 792 2734 hostibus
829 2674 1104 2752 demisit,
1135 2686 1198 2729 ut
1218 2712 1240 2744 ,
1279 2674 1412 2727 dum
1451 2686 1579 2729 suos
1615 2672 1812 2747 fugere
1841 2672 2294 2749 arbitrabantur,

468 2799 515 2834 „
532 2756 815 2831 fugerent.
859 2752 951 2809 lta
982 2754 1268 2809 Labienus
1311 2748 1556 2808 Caesaris
1593 2748 1894 2825 desertor,
1931 2769 2000 2807 ac
2032 2754 2292 2809 transfu-

468 2878 515 2915 „
536 2855 649 2913 ga,
694 2832 893 2909 suique
922 2830 1173 2905 'pristini
1217 2830 1381 2887 ducis
1425 2831 1682 2889 hostibus
1731 2826 2101 2889 inexorabilis
2123 2872 2158 2904 ,.
2191 2836 2291 2891 cui.

468 2958 516 2993 „
542 2932 747 2991 parare
776 2908 1092 2987 perniciem
1120 2910 1406 2985 quaerebat
1429 2945 1449 2981 ,-
1472 2911 1776 2967 victoriam
1809 2907 2158 2984 insperatam
2191 2931 2294 2986 pe-

458 3026 521 3074 ·„
542 2996 713 3071 perit.
754 2994 844 3050 Eo
871 2994 1027 3049 enim
1072 2992 1265 3065 praelio
1305 2998 1368 3047 et
1406 2990 1531 3064 ipse
1574 2991 1880 3063 concedit,
1929 3008 2146 3065 unaque
2187 3008 2293 3049 se-

469 3117 517 3153 „
535 3092 663 3133 cum
701 3072 905 3130 Actius
953 3070 1139 3129 Varus
1162 3104 1185 3143 ,
1223 3082 1286 3126 et
1328 3081 1458 3126 cum
1498 3068 1584 3127 eis·
1620 3080 1750 3127 xxx.
1773 3070 1960 3129 millia
1993 3070 2291 3129 hominum

470 3198 515 3233 „
536 3155 819 3213 cecidere.
848 3149 1254 3209 concidissent
1285 3150 1474 3223 plures
1495 3184 1517 3221 ,
1542 3146 1652 3207 nisi
1685 3163 1804 3205 tam
1847 3150 2166 3224 proximum
2197 3170 2290 3207 ur-

472 3276 525 3312 „,
534 3236 621 3293 bis
673 3232 999 3310 profugium
1055 3230 1278 3294 fuisset.
1309 3228 1413 3311 ςἐῢς
1467 3230 1782 3291 victoribus
1832 3228 1910 3297 ad
1949 3231 2064 3289 tria
2111 3232 2289 3313 millia
