2459 3834
504 12 794 31 ·==-q——=---v
813 14 870 35 TU*
889 14 894 16 -

772 104 838 157 '1⁴0
860 106 893 155 1
914 106 969 157 'B
990 104 1039 153 Β
1063 98 1117 155 R.
1210 101 1264 153 V
1279 105 1310 155 1
1325 106 1379 154 1.
1839 100 1998 187 20⁷

187 194 281 243 est
316 186 577 261 oppidum
625 182 951 255 Senonum,
981 184 1041 238 in
1084 182 1270 238 insula
1299 181 1568 257 Sequana
1608 182 1892 259 positum,
1933 198 2000 245 ut

188 268 376 341 paullo
404 278 531 321 ante
556 266 630 321 de
651 264 888 321 Lutetia
908 262 1175 319 diximus.
1206 261 1600 335 Deprehensis
1623 264 1861 323 navibus
1881 266 2000 323 cir-

190 348 335 402 citer
362 345 788 421 quinquaginta,
818 344 1197 417 celeriterque
1228 342 1566 417 conjunctis,
1585 356 1760 419 atque
1784 361 1854 401 eo
1883 347 1998 403 mi-

174 426 376 491 ⁸litibus
416 426 749 498 -impositiss,
777 435 839 480 et
871 422 955 478 rei
990 423 1253 478 novitate
1297 423 1640 502 perterritis¹
1667 422 1998 499 oppidanis,

182 521 415 578 quorum
442 520 648 579 magna
679 520 807 578 pars
834 513 961 559 erat
990 502 1059 557 ad
1100 502 1306 557 bellum
1353 514 1600 565 evocata
1629 540 1650 574 ,
1679 504 1802 559 sinc
1843 506 2000 564 cou-

184 586 440 641 tentione
468 584 681 658 oppido
714 584 949 656 potitur.
983 580 1225 638 Refecto
1247 595 1420 655 ponte
1439 620 1462 655 ,
1487 596 1654 657 quem
1679 584 1998 657 superiori·

181 660 284 719 bus
308 665 501 719 diebus
531 664 727 719 hostes
766 661 1115 719 resciderunt
1136 699 1161 733 ,
1187 662 1504 721 exercitum
1543 664 1908 737 transducit,
1931 677 1996 725 et

183 744 423 801 seeundo
450 742 680 799 flumine
710 743 783 798 ad
814 740 1105 797 Lutetiam
1134 742 1249 797 iter
1279 740 1469 798 facere
1501 741 1726 814 incipit.
1761 742 2000 818 Hostes,

185 836 251 877 re
278 822 499 899 cognita
528 823 601 879 ab
630 821 735 893 iis,
764 822 861 896 qui
890 838 927 877 a
948 820 1261 877 Meloduno
1283 820 1676 895 profugerant,
1704 818 2003 883 Lutetiam

191 899 457 975 incendi,
486 916 796 976 pontesque
816 897 933 975 ejus
960 901 1161 975 oppidi
1192 901 1442 957 rescindi
1469 901 1665 974 jubent
1688 902 1840 975 3ipsi
1865 920 2001 979 pro-

186 979 329 1037 fecti
373 998 407 1037 a
440 983 683 1056 palude,
713 980 775 1037 in
834 982 979 1054 ripis
1026 980 1327 1055 Sequanae,
1358 999 1392 1037 e
1449 981 1684 1055 regione
1733 980 2001 1057 Lutetia,

180 1074 380 1117 contra
408 1061 652 1118 Labieni
680 1073 869 1119 castra
898 1060 1220 1117 considunt.
1263 1060 1398 1133 Jam
1420 1056 1609 1117 Caesar
1639 1076 1674 1115 a
1700 1056 1998 1137 Gergovia
2039 1080 2118 1145 ς,

176 1138 501 1203 discessisse
538 1140 913 1199 audiebatur:
950 1139 1065 1214 jam
1092 1140 1166 1197 de
1187 1140 1508 1197 AEduorum
1549 1138 1872 1197 defectione
1891 1183 1912 1215 ,
1935 1156 2000 1203 et

172 1218 417 1280 secundo
446 1219 655 1279 Gallie
686 1233 843 1278 motu
885 1237 1137 1277 rumores
1164 1218 1548 1277 afferebantur
1579 1259 1600 1291 ,
1626 1218 1896 1296 Gallique
1937 1225 2001 1282 in

180 1301 483 1375 colloquiis
533 1301 907 1357 interclusum
956 1301 1168 1355 itinere
1193 1339 1212 1370 ,
1241 1312 1302 1355 et
1331 1300 1528 1374 Ligeri
1568 1296 1880 1372 Caesarem,
1933 1304 2000 1359 i-

178 1381 345 1451 nopia
378 1379 943 1437 Frumenticoactum
962 1419 984 1452 ,
1004 1380 1061 1435 in
1086 1380 1445 1453 provinciam
1475 1376 1836 1437 contendisse
1859 1398 2002 1441 con·

172 1452 505 1517 firmabant.
532 1460 829 1517 Bellovaci
847 1474 1071 1529 autem,
1096 1458 1424 1517 defectione
1454 1458 1771 1515 AEduorum
1799 1464 2000 1537 cogni·

172 1547 232 1595 ta
251 1578 272 1611 ,
290 1542 388 1613 qui
416 1552 559 1597 unte
576 1554 745 1597 erant
776 1555 875 1611 per
904 1555 967 1595 se
998 1536 1290 1610 infideles,
1319 1554 1518 1595 manus
1555 1556 1794 1615 cogere,
1821 1555 1999 1619 atque
2057 1540 2080 1555 ⁰

172 1632 366 1691 aperte
406 1618 623 1677 bellum
676 1634 877 1694 parare
917 1632 1234 1692 coeperunt.
1291 1618 1440 1677 Tum
1475 1618 1798 1692 Labienus,
1833 1634 1998 1687 tanta

170 1713 359 1755 rerum
382 1702 843 1757 commutatione
866 1738 885 1771 ,
924 1702 1092 1773 longe
1121 1698 1278 1755 aliud
1319 1699 1429 1755 sibi
1460 1699 1802 1771 capiendum
1845 1718 1998 1759 con-

134 1768 355 1835 'silium
378 1817 396 1851 ‚
428 1794 607 1854 atque
650 1792 820 1835 antea
846 1791 1105 1835 senserat
1135 1818 1157 1850 ,
1186 1778 1566 1855 intelligebat.
1617 1778 1820 1853 Neque
1857 1780 2000 1856 jam,

168 1868 231 1911 ut
266 1861 483 1933 aliquid
519 1860 847 1933 acquireret
873 1898 892 1930 ,
925 1858 1226 1932 praelioque
1271 1858 1466 1915 hostes
1509 1862 1856 1931 lacesseret,
1890 1864 1998 1919 sed

150 1946 233 1991 „ut
256 1936 600 1995 incolumem
630 1940 947 1995 exercitum
977 1938 1336 2013 Agendicurn
1378 1939 1676 1995 reduceret
1695 1976 1716 2011 ‚
1759 1941 2000 2015 cogita·-

165 2012 280 2071 bat.
310 2018 579 2094 Namque
614 2024 799 2075 altera
834 2035 905 2075 cx
946 2030 1111 2091 parte
1136 2018 1470 2089 Bellovaci,
1501 2036 1619 2093 quae
1661 2012 1870 2077 ciuitas
1931 2024 1999 2079 in

166 2090 360 2153 Gallia
397 2101 711 2155 maximam
755 2100 929 2155 habet
974 2096 1306 2171 opinionem
1363 2099 1637 2169 virtutis,
1679 2100 2000 2175 instabant5

114 2224 119 2229 .
166 2177 408 2237 alteram
454 2177 880 2253 Camulogenus
918 2190 1119 2251 parato
1140 2216 1161 2250 ,
1202 2189 1376 2251 atque
1408 2179 1687 2236 instructo
1737 2184 1997 2240 exercitu

168 2258 419 2314 tenebat.
454 2258 607 2314 Tum
648 2259 903 2331 legiones
932 2274 967 2313 a
1011 2258 1276 2330 praesidio
1299 2296 1318 2328 ‚
1343 2270 1520 2331 atque
1563 2259 1997 2331 impedimentis

164 2332 503 2395 interclusas
541 2338 851 2395 maximum
880 2336 1091 2393 flumen
1128 2337 1498 2393 destinebat..
1543 2336 1754 2393 Tantis
1803 2340 1997 2399 subito

162 2412 602 2478 difficultatibus
628 2416 900 2492 objectis,
926 2417 999 2485 ab
1019 2416 1202 2471 animi
1230 2417 1450 2473 virtute
1479 2416 1756 2475 auxilium
1787 2433 1992 2491 peten-

162 2492 297 2549 dum
324 2498 593 2555 videbat»
621 2496 825 2571 Itaque
854 2497 957 2552 sub
998 2512 1298 2568 vesperum
1348 2496 1600 2552 concilio
1649 2494 1989 2574 convocate,
2032 2506 2114 2565 σο

160 2572 499 2639 cohortatus
518 2618 539 2649 ‚
566 2590 633 2633 ut
679 2594 747 2631 ea
768 2616 788 2650 ,
816 2592 936 2651 quae
984 2576 1322 2649 imperasset
1352 2616 1374 2647 ‚
1402 2576 1712 2649 diligenter
1739 2614 1764 2649 ,
1809 2580 1996 2637 indu-

162 2654 415 2729 strieque
442 2658 964 2727 administrarentr,
996 2672 1171 2711 naves
1191 2694 1211 2726 ,
1243 2672 1380 2728 quas
1404 2672 1440 2712 a
1463 2655 1777 2713 Meloduuo
1816 2658 1994 2715 dedu·

163 2746 327 2789 xerat
350 2774 369 2805 ,
398 2737 651 2811 singulas
698 2736 987 2809 equitibus
1020 2734 1316 2791 Romanis
1353 2735 1670 2806 attribuit3
1719 2748 1820 2807 et,
1876 2739 1997 2810 pri·
2055 2740 2062 2745 '

62 2840 67 2844 ·
166 2826 261 2868 ma
292 2815 563 2872 confecta
591 2817 832 2889 vigilia,
862 2834 942 2871 ιν.
990 2815 1175 2870 millia
1237 2819 1498 2887 passuum
1528 2813 1776 2870 secundo
1806 2814 2001 2873 flumi-

126 2960 131 2963 .
164 2906 237 2945 ne
274 2896 545 2977 progredi
584 2896 818 2951 silentio
840 2935 859 2965 ,
888 2894 1081 2968 ibique
1124 2911 1187 2949 se
1216 2894 1540 2967 exspectari
1564 2893 1758 2967 jubet:
1789 2912 1844 2950 v.
1881 2914 1996 2955 co-

164 2966 394 3045 hortes,
420 2991 559 3049 quas
589 2976 827 3031 minime
866 2971 1061 3029 firmas
1090 2972 1163 3029 ad
1190 2972 1580 3029 dimicandum
1623 2987 1747 3029 esse
1777 2974 1997 3033 existi-

167 3052 359 3107 mahat
383 3093 402 3123 ‚
442 3056 649 3110 castris
700 3054 967 3128 praesidio
1006 3053 1324 3125 relinquit:
1358 3070 1413 3108 v.
1452 3051 1702 3125 ejusdcm
1749 3056 1996 3129 legionis

168 3131 417 3203 reliquas
448 3136 518 3189 de
556 3134 747 3189 media
780 3132 951 3190 no‘cte
982 3148 1112 3187 cum
1142 3133 1404 3189 omnibus
1430 3132 1862 3204 impedimentis
1889 3137 1997 3193 ad·

116 3270 127 3277 .
171 3220 340 3263 verso
368 3210 601 3269 flumine
650 3228 857 3289 magno
898 3215 1143 3269 tumultu
1178 3210 1464 3286 proficisci
1515 3212 1782 3283 imperat.
1835 3214 1998 3273 Con.

166 3287 357 3363 Εῑῑῑῑὶῑ
380 3294 559 3353 etiam
586 3294 791 3356 lintres
807 3332 831 3369 ‚
858 3293 965 3363 lans
984 3307 1193 3369 magno
1221 3292 1420 3371 souitu
1449 3306 1740 3360 remorum
1769 3292 1998 3376 incite-

1948 3550 1974 3559 *-
