2459 3834
785 102 938 156 mn.
983 104 1059 155 A.
1116 100 1396 155 mit-ru.
1544 138 1549 145 .
1838 92 1993 175 479

775 222 1156 281 CAPUT
1236 222 1344 279 111.

136 352 313 411 Dum
351 344 548 407 Caesar
582 353 782 403 castra
812 354 1002 401 monet
1027 384 1048 415 ‚
1081 342 1311 416 eruptio
1351 358 1431 400 ex
1458 340 1626 415 opido
1659 335 1763 409 fit.
1814 334 1993 395 Galli

149 446 386 487 numero
416 428 602 483 minus
634 425 896 502 triginta
919 462 939 494 ,
958 424 1067 478 duo
1087 421 1279 479 millia
1301 420 1583 479 hominum
1612 420 1691 477 ad
1716 420 1989 493 oppidum

147 508 478 584 repellunt.
509 506 668 564 Dum
693 514 1021 577 susceptum
1055 503 1178 560 iter
1205 498 1405 561 Caesar
1428 500 1805 577 persequitur
1835 538 1856 571 ,
1914 514 1997 557 ex

146 591 348 647 variis
383 588 529 643 locis
565 586 645 641 ad
671 602 793 640 eum
835 583 1170 660 legationes
1203 583 1449 639 veniunt
1471 622 1492 653 ,
1521 592 1719 637 castra
1761 580 1891 653 ipse
1917 578 2001 635 ad

147 666 484 740 Ruspinam
505 704 528 738 ,
560 664 694 720 inde
736 664 816 718 ad
833 662 1072 735 Leptim
1100 662 1271 735 ponit
1292 700 1313 734 ,
1340 660 1440 719 aba·
1482 659 1785 737 intelligit
1807 699 1828 730 ,
1859 676 1996 715 suas·

145 764 345 804 naves
374 746 604 805 Uticam
626 760 831 803 versus
858 744 978 798 iter
1007 739 1239 815 facere.
1282 741 1491 797 Mauri
1518 740 1815 797 Caesareos
1845 740 1999 797 ado-

149 828 418 883 riantur.
470 822 667 881 Caesar
705 824 766 879 in
807 819 1150 879 Sardiniam
1201 820 1437 877 nuntios·
1474 820 1667 877 mittit
1710 819 1995 874 auxilium

141 916 438 979 petentes
459 944 478 975 ,
523 914 582 961 et
605 900 669 959 C.
702 900 1057 960 Sallustium
1085 899 1351 974 Crispum
1372 900 1439 955 in
1482 897 1729 956 insulam
1770 896 1999 955 Cercar.-

282 1001 412 1041 nam
449 980 878 1057 frumentatum
906 1020 928 1053 ‚
981 980 1289 1038 Rabirium
1332 996 1475 1038 vero
1509 981 1877 1035 Postbumum

878 1063 941 1117 in
979 1058 1278 1118 Siciliam.

237 1154 602 1297 Postquam
631 1237 742 1277 una
771 1232 939 1277 nocte
958 1261 978 1293 ‚
1005 1233 1067 1276 et
1095 1220 1192 1277 die
1219 1220 1294 1276 ad
1326 1220 1602 1294 oppidum
1630 1230 1991 1293 consumpta,
2036 1239 2069 1301 ς

149 1320 340 1377 neque
373 1317 700 1373 responsum
733 1304 906 1356 ullum
946 1318 979 1355 a
1001 1298 1266 1358 Consilio
1288 1300 1533 1357 dabatur
1556 1339 1577 1370 ,
1597 1316 1780 1372 neque
1807 1300 1861 1354 ei
1894 1317 1999 1356 re·-

150 1384 330 1455 liquae
359 1383 538 1453 eopiae
567 1381 966 1435 succurrebant
990 1420 1008 1452 ‚
1036 1397 1216 1455 neque
1247 1381 1509 1454 equitatu
1538 1379 1907 1450 abundabam
1934 1390 1997 1435 et

161 1462 242 1517 ad
297 1459 570 1533 oppidum
617 1461 1054 1533 oppugnandum
1098 1476 1209 1518 non
1262 1462 1406 1515 satis
1454 1459 1749 1531 copiarum
1812 1458 2001 1513 habe·-

162 1541 271 1597 bat
293 1578 313 1611 ,
341 1556 400 1594 et
445 1556 540 1594 eas
590 1540 881 1595 tironum:
907 1555 1088 1612 neque
1115 1540 1303 1613 primo
1334 1540 1589 1595 adventu
1618 1542 2001 1593 convulnera-

160 1621 218 1675 τί
252 1619 566 1675 exercitum
597 1620 828 1675 volebat
853 1658 872 1690 ,
902 1634 962 1675 et
989 1621 1188 1693 oppidi
1221 1620 1455 1694 egregia
1498 1618 1796 1690 muniti03
1848 1615 1995 1674 difi-

159 1699 405 1771 cilisque
424 1701 496 1753 ad
527 1699 965 1772 oppugnandum
997 1713 1127 1755 erat
1157 1714 1415 1755 accessus
1434 1738 1459 1770 ,
1483 1709 1543 1753 et
1588 1698 1997 1757 nuntiabantur

160 1778 382 1835 auxilia
413 1794 616 1851 magna
646 1780 935 1852 equitatus
958 1778 1263 1851 oppidanis
1290 1777 1587 1851 suppetias
1615 1778 1814 1833 venire
1837 1795 1853 1833 τ
1888 1795 2002 1837 non

168 1872 260 1913 est
299 1859 422 1912 visa
463 1857 615 1913 ratio
651 1858 1215 1933 ad·6ppugnandum
1263 1858 1542 1931 oppidum
1582 1860 2003 1932 commorandi,

171 1955 246 2014 ne
265 1976 286 2007 ,
321 1936 456 1991 dum
490 1938 549 1991 in
589 1953 659 1992 εει
698 1955 758 1993 re
786 1936 980 1995 Caesar
1017 1952 1165 1995 esset
1195 1950 1509 2012 occupatus
1530 1977 1549 2008 ,
1575 1938 2003 1999 >circumventus

174 2034 209 2073 a
234 2031 396 2091 tergo
425 2016 496 2070 ab
526 2018 784 2090 equitatu
807 2018 1060 2076 hostium
1091 2018 1399 2075 laboraret.
1422 2018 1626 2093 Itaque
1644 2032 1840 2075 castra
1866 2034 1997 2076 cum
2039 2031 2080 2087 6

177 2112 408 2153 movete
437 2098 654 2169 vellet,
695 2098 884 2157 subito
927 2115 997 2154 ex
1027 2099 1243 2171 oppido
1273 2100 1465 2172 erupit
1512 2096 1859 2156 multitudo:
1897 2114 2004 2154 at-

177 2194 288 2249 que
317 2176 608 2249 equitatus
647 2178 902 2234 subsidio
951 2194 1062 2234 uno
1113 2192 1374 2251 tempore
1412 2180 1499 2233 eis
1548 2194 1679 2233 casu
1732 2180 2005 2250 sucurrit,

185 2255 284 2329 qui
327 2267 454 2309 erat
500 2256 702 2311 missus
751 2256 822 2311 ab
853 2257 888 2329 J
896 2256 1003 2311 uba
1051 2259 1122 2312 ad
1182 2258 1537 2331 stipendium
1585 2258 2007 2328 accipiendum:

177 2344 477 2405 castraque
496 2371 516 2406 ,
566 2334 713 2390 unde
757 2333 952 2391 Caesar
999 2352 1255 2413 egressus
1324 2339 1440 2393 iter
1490 2335 1683 2391 facere
1731 2350 2011 2411 coeperat,

181 2424 464 2485 occupant
493 2451 514 2484 ‚
555 2424 616 2468 et
649 2413 776 2487 ⁵ejus
819 2431 1022 2484 agmen
1076 2430 1397 2473 extremum
1438 2416 1656 2490 insequi
1690 2430 2010 2489 coeperunt.

180 2490 318 2565 Quae
357 2508 448 2547 res
477 2509 608 2547 cum
632 2496 1028 2566 animadversa
1078 2510 1229 2553 esset
1251 2536 1272 2570 ,
1300 2498 1492 2555 subito
1520 2498 1828 2571 legionarii
1859 2512 2013 2555 con-

173 2574 383 2653 sistunt
402 2610 422 2643 ,
453 2583 512 2626 et
541 2572 760 2646 equites
789 2592 1129 2651 quamquam
1161 2590 1328 2633 erant
1362 2578 1550 2650 pauci,
1582 2589 1774 2632 tamen
1796 2591 2005 2634 contra

175 2664 397 2707 tantam
439 2652 862 2711 multitudinem
920 2657 1301 2713 audacissime
1346 2668 1711 2715 concurrunt.
1766 2656 2006 2713 Accidit

175 2747 268 2787 ren
305 2730 663 2788 incredibilis
683 2773 704 2807 ,
743 2748 806 2790 ut
835 2738 1059 2813 equites
1100 2738 1289 2793 minus
1316 2754 1448 2792 xxx.
1498 2732 1659 2790 Galli
1695 2730 1719 2770 ⁸
1754 2732 2008 2793 Mauro-

171 2826 294 2877 rum
321 2811 580 2887 equitum
612 2830 678 2871 11.
711 2812 893 2872 millia
915 2820 1044 2873 loco
1069 2820 1376 2889 pellerent,
1400 2824 1781 2887 urget-eatque
1806 2814 1869 2867 in
1900 2831 2009 2887 op.

175 2890 384 2964 pidum.
427 2889 738 2967 Postquam
768 2896 1022 2969 repulsi,
1049 2906 1111 2951 et
1134 2896 1392 2969 'conjecti
1423 2904 1589 2948 erant
1623 2892 1777 2946 intra
1808 2897 2010 2949 muni-

178 2971 360 3026 tiones
377 3010 399 3039 ,
428 2967 618 3027 Caesat·
648 2972 764 3029 iter
792 2976 1174 3031 constitutum
1209 2978 1298 3029 ire
1329 2972 1649 3029 contendit.
1678 2968 1849 3045 Quod
1881 2990 2011 3030 cum

179 3050 372 3123 sapius
399 3049 656 3107 facerent
674 3091 695 3124 ,
726 3064 786 3110 et
815 3055 988 3112 modo
1017 3054 1454 3135 insequerentur
1475 3090 1497 3124 ,
1519 3050 1689 3107 modo
1723 3068 1913 3109 rursus
1934 3055 2007 3110 ab

240 3182 268 3225 8
331 3185 618 3230 Maurorum
641 3185 905 3243 equitum.)
928 3189 1048 3233 Nu·
1114 3187 1244 3235 tiam
1276 3180 1571 3247 collegerat.
1600 3185 1790 3230 Tamen
1812 3192 1863 3233 et
1894 3192 2009 3245 post

179 3238 560 3302 midarum3nisi
584 3245 752 3295 forsan
777 3259 841 3295 ex
866 3246 1051 3297 vicinis
1095 3246 1291 3310 'paullo
1318 3256 1445 3295 sect.
1472 3246 1523 3295 6.
1552 3248 1797 3296 tardiores
1823 3250 1886 3297 ad
1927 3251 2009 3296 in·

179 3304 364 3354 &lauris
385 3318 474 3354 rex
493 3310 753 3361 Numidia
777 3311 968 3361 milltes
988 3326 1052 3360 e·-
1115 3312 1396 3373 sequendum
1416 3318 1558 3359 erant
1576 3311 1812 3361 Numida.
