2459 3834
420 90 575 167 434
822 87 925 141 mi
978 85 1217 138 Βειιο
1272 80 1834 136 ALRxANDRmo

420 163 641 245 pfunt3
686 183 825 243 quas
869 177 1246 239 protexerunt
1279 180 1350 220 ex
1392 162 1638 219 molibus
1671 200 1690 232 ,
1746 176 1919 237 atque
1971 160 2250 223 adificiis

422 248 893 316 imminentibus,
930 258 991 300 et
1040 257 1266 301 nostros
1306 242 1468 298 adire
1528 242 1756 314 propius
1807 241 2252 315 prohibuerunt.

306 348 384 412 17
425 333 553 387 Hoc
582 346 653 385 ne
693 327 808 383 sibi
835 326 1036 399 saepius
1076 324 1339 379 accidere
1374 335 1561 394 posset
1582 361 1603 392 ,
1648 324 1804 376 omni
1843 324 2072 379 ratione
2101 320 2252 381 Cae-

424 428 519 467 sar
584 406 1057 465 contendendum·
1097 403 1457 459 existimavit
1485 438 1506 471 ,
1557 402 1616 444 ²³
1665 415 1727 457 ut
1775 396 2062 473 insulam,
2102 418 2251 461 mo-

421 489 661 561 lemque·
686 488 760 540 ad
808 485 1051 547 insulam
1102 482 1486 555 pertinentem
1516 481 1576 533 in
1605 496 1760 535 suam
1803 483 2092 556 redigeret
2137 500 2252 555 po-

421 580 718 624 testatem.
768 562 1051 618 Pei-fectis
1080 564 1236 617 enim
1282 577 1486 635 magna
1515 577 1586 616 ex
1632 572 1796 631 parte
1826 561 2246 621 munitionibus

422 645 485 702 in
535 645 748 717 oppido
775 681 796 714 ,
836 656 897 697 et
938 640 1139 713 illam,
1190 656 1254 697 et
1315 642 1510 697 urbem
1567 656 1678 695 uno
1722 652 1982 712 tempore
2029 654 2241 699 tenta...

422 728 477 781 ri
532 742 692 797 posse
732 720 1075 778 confidebat.
1123 720 1254 795 Quo
1293 733 1466 793 capto
1504 720 1790 791 consilio,
1837 722 2104 777 cohortes
2133 738 2192 776 x.
2213 760 2238 795 ,

422 819 485 859 et
517 806 661 861 levis
711 814 1012 857 armaturae
1064 803 1320 871 electos,
1378 815 1518 873 quos
1565 799 1799 855 idoneos
1846 816 1917 855 ex
1956 800 2252 873 equitibus

422 881 615 940 Gallis
634 881 1082 951 arbitrabantur,
1102 880 1163 935 in
1192 880 1427 953 navigia.
1455 881 1676 934 minora
1697 917 1717 950 ,
1743 880 2095 953 scaphaeque
2115 880 2248 941 im-

420 964 591 1036 ponit
618 981 631 1019 2
674 963 916 1017 alteram
949 962 1139 1015 insulae
1172 973 1393 1032 partem
1426 962 1487 1001 ²⁴
1512 959 1848 1025 distinendae
1881 974 2078 1015 manus
2105 977 2250 1018 cau·

422 1058 486 1099 sa
523 1057 652 1100 cum
684 1040 992 1098 constratis
1045 1040 1282 1095 navibus
1317 1038 1651 1113 agg-reditur
1672 1076 1694 1108 ,
1724 1039 1972 1111 praemiis
2018 1042 2248 1114 magnis

421 1122 737 1196 propositis
766 1158 787 1192 ,
816 1115 910 1193 qui
964 1119 1175 1192 primus
1206 1120 1448 1173 insulam
1481 1116 1746 1189 cepisset.
1780 1117 1864 1174 At
1907 1118 2096 1191 primo
2125 1121 2246 1175 im-

421 1194 619 1275 petum
663 1212 986 1255 nostrorum
1020 1199 1237 1270 pariter
1277 1198 1683 1253 sustinuerunt.
1734 1192 1866 1255 Uno
1891 1198 2046 1253 enim
2081 1211 2245 1255 tem-

423 1296 567 1353 pore
610 1293 673 1337 et
710 1294 781 1335 ex
833 1278 1003 1333 tectis
1042 1275 1412 1333 aedificiorum
1446 1276 1915 1351 propugnabant,
1953 1290 2015 1333 et
2061 1280 2246 1336 litora

418 1360 631 1414 armati
674 1354 1095 1427 defendebant,
1123 1373 1236 1430 quo
1266 1370 1498 1429 propter
1548 1357 1922 1429 asperitatem
1967 1357 2084 1413 loci
2126 1376 2245 1417 non

420 1435 613 1493 facilis
642 1438 852 1495 nostris
881 1437 1071 1491 aditus
1100 1437 1380 1492 dabatur:
1416 1439 1473 1479 ²⁵
1521 1448 1585 1491 et
1625 1430 1853 1507 scaphis
1881 1475 1904 1507 ,
1963 1438 2244 1495 navibus-

418 1534 533 1589 que
558 1520 747 1593 longis
786 1532 840 1572 v.
873 1518 1164 1573 mobiliter
1194 1556 1213 1587 ,
1256 1529 1316 1569 et
1345 1514 1595 1570 scienter
1623 1514 1915 1589 angustias
1953 1517 2069 1573 loci
2101 1530 2242 1573 tue-

420 1594 645 1652 bantur.
696 1596 809 1653 Sed
842 1596 935 1652 ubi
977 1596 1119 1651 locis
1159 1596 1404 1668 primum
1442 1594 1691 1669 cognitis
1719 1632 1740 1665 ,
1769 1595 2040 1669 vadisque
2080 1612 2243 1668 prae-

416 1673 669 1731 tentatis
696 1715 717 1748 ‚
768 1676 932 1749 pauci
988 1676 1171 1731 nostri
1226 1676 1286 1730 in
1335 1676 1510 1729 litore
1571 1674 2001 1745 constitet-unu
2057 1692 2240 1749 atque

418 1753 529 1811 hos
570 1767 701 1824 sunt
748 1756 852 1811 alii
890 1755 1219 1825 subsecuti;
1268 1765 1708 1827 constanterque
1737 1754 1796 1809 in
1849 1770 1979 1823 eos,
2017 1752 2112 1826 qui
2161 1756 2232 1811 in

417 1833 593 1892 litore
634 1846 792 1909 aeqno
834 1835 1217 1891 constiterant
1241 1873 1260 1905 ,
1307 1835 1582 1905 impetum
1613 1832 1868 1888 fecerunt
1889 1870 1910 1903 ,
1945 1848 2140 1889 omnes
2165 1831 2231 1870 ²⁶

418 1912 670 1969 Pharitae
704 1927 863 1987 terga
896 1924 1209 1967 verterunt.
1266 1912 1342 1966 Hi
1391 1912 1531 1985 pulsi
1552 1911 1870 1985 ,oeustodia
1905 1925 2099 1983 portus
2130 1931 2237 1969 re-

419 1990 561 2047 licta
584 2032 604 2063 ‚
634 2008 806 2049 naves
832 1992 902 2046 ad
934 1993 1149 2061 litora,
1187 2004 1249 2047 et
1295 1991 1484 2046 vicum
1532 1992 1963 2065 applicaverunt
1995 2011 2018 2064 3
2065 2008 2236 2067 seque

306 2062 378 2123 18
422 2086 492 2126 ex
536 2071 776 2142 navibus
822 2072 895 2126 ad
938 2072 1147 2127 tuenda
1192 2070 1434 2126 aedificia
1482 2068 1787 2143 ejecerunt.
1845 2070 2045 2145 Neque
2095 2090 2238 2132 vero

414 2150 632 2207 diutius
662 2146 775 2223 ipsi
804 2166 875 2207 ex
914 2148 1236 2207 munitione
1275 2167 1334 2205 se
1374 2150 1672 2205 continere
1711 2161 2066 2223 ‚potuer-unt:
2119 2154 2236 2209 etsi

414 2242 544 2285 erat
584 2245 697 2286 non
738 2228 1018 2287 dissimile
1057 2231 1345 2301 aliorum,
1395 2243 1565 2301 atque
1592 2230 1954 2285 Alexandriae
1978 2269 2000 2301 ,
2055 2246 2238 2304 genus

412 2308 784 2367 aedificiorum
808 2312 827 2379 (
858 2324 921 2367 ut
949 2308 1173 2365 minora
1224 2308 1531 2383 majoribus
1561 2308 1968 2381 conferantur)
1997 2320 2230 2367 turres..

340 2450 345 2455 .
412 2405 523 2461 que
548 2388 759 2461 editae,
791 2401 852 2443 et
892 2388 1199 2462 conjuncte
1243 2389 1390 2443 muri
1450 2392 1636 2445 locum
1675 2387 2040 2445 obtinebatm
2095 2390 2236 2446 Ne..

413 2482 526 2539 que
566 2469 749 2523 nostri
790 2481 888 2523 aut
917 2470 1126 2539 scalis,
1167 2482 1268 2525 aut
1315 2468 1607 2539 cratibus,
1652 2481 1752 2523 aut
1801 2468 2034 2542 reliquis
2063 2470 2234 2527 rebu’s

415 2547 606 2616 parati
648 2557 925 2602 venerant
974 2548 1046 2601 nd
1090 2548 1526 2621 oppugnandum
1560 2564 1576 2604 τ
1619 2549 1720 2604 sed
1763 2560 1950 2603 terror
1981 2548 2235 2604 homini-

411 2621 515 2679 bus
572 2636 865 2695 mentem,
904 2625 1143 2682 consiliu
1208 2645 1316 2700 que
1355 2628 1537 2699 eripit
1567 2665 1586 2698 ,
1634 2640 1693 2682 et
1755 2628 2006 2681 membra
2055 2628 2237 2683 debi-

408 2704 589 2778 litat3
638 2696 699 2760 ut
730 2718 864 2761 tunc
893 2703 1128 2760 accidit.
1150 2644 1296 2781 rQui
1323 2722 1386 2761 se
1443 2708 1506 2763 in
1553 2722 1708 2781 aequo
1767 2709 1895 2763 loco
1915 2745 1938 2780 ,
1991 2721 2074 2762 ac·
2102 2711 2240 2781 pla<-

373 2852 427 2891 Q
644 2890 653 2903 ,

476 2904 543 2957 23
608 2898 942 2953 mim—utam.)
967 2894 1292 2961 Pharuman-
1353 2908 1588 2964 enatent.
1803 2956 1807 2967 ‚
2093 2944 2100 2947 .

408 2967 462 3008 te
488 2962 888 3014 Alexandrinum
911 2972 1131 3023 portum.
1419 2974 1487 3026 25
1551 2972 1620 3019 Er
1671 2968 1896 3025 scaphis,
1942 2966 2232 3025 navibusque

474 3034 572 3082 24‘
608 3028 905 3073 Distinendae
953 3042 1122 3075 manus
1168 3042 1292 3075 cau-
1353 3032 1510 3087 longis
1530 3035 1622 3081 ν.)
1659 3028 2116 3076 Alexandrinorum
2147 3030 2230 3077 hae

405 3090 515 3138 ea.)
552 3083 781 3135 Militum
802 3090 1288 3149 Alexandrinorum,
1347 3090 1583 3151 scaphae,
1615 3101 1872 3153 navesque
1897 3100 2072 3151 erant,
2099 3092 2230 3153 qui-

404 3159 459 3195 ιιι
500 3148 718 3199 diversis
745 3151 870 3199 locis
893 3150 1123 3212 imperiti
1148 3185 1164 3211 ,
1203 3152 1288 3201 di·-
1349 3152 1442 3203 bus
1465 3152 1725 3215 angustias
1753 3154 2040 3213 tuebantur,

403 3210 583 3257 videre
640 3222 695 3261 se
760 3224 959 3261 necesse
1021 3215 1286 3276 baberent,
1413 3217 1481 3267 26
1545 3221 1782 3267 Pharitae.
1807 3219 1834 3274 >
1872 3218 2056 3269 lncoloe
2081 3216 2228 3269 Pham

401 3282 685 3334 neutroque
714 3276 827 3325 loco
880 3277 1067 3327 fortius
1124 3290 1286 3341 κομι-
1351 3279 1418 3329 ri.

1898 12 1967 17 ,.,.-
1990 12 2029 21 ,Τ
2084 12 2159 26 w.--
2186 12 2264 17 ,--.,,
2294 14 2311 16 -,
