2459 3834
821 207 1170 260 LIBER
1242 211 1358 261 111.
1830 213 1979 294 373

153 289 462 370 progressi,
478 289 784 365 primaeque
807 299 1004 344 turmae
1027 287 1266 344 insidias
1287 288 1684 362 intravissent,
1705 306 1774 346 ex
1798 291 2000 352 fremi-

155 388 218 433 tu
247 389 518 450 equorum
551 371 716 426 iliata
743 369 1106 441 suspicione,
1151 369 1222 426 ad
1253 386 1382 426 suos
1414 387 1475 426 se
1503 371 1765 443 recipere
1797 390 2001 449 coepe-

154 466 332 525 runt·,
373 453 578 526 quique
612 450 716 506 hos
745 449 1168 522 sequebantur,
1197 452 1442 506 celerem
1471 467 1671 507 eorum
1704 441 2009 548 receptum'

153 533 516 606 conspicati,
541 531 915 586 restiterunt.
965 528 1216 600 Nostri,
1248 529 1311 572 47
1355 531 1607 604 cognitis
1640 529 1793 586 hosti
1844 533 2000 590 insi-

155 613 308 684 diis,
343 629 410 668 ne
441 611 654 668 frustra
687 610 935 682 reliquos
955 621 1377 681 exspectarent,
1403 611 1541 666 duas
1565 611 1721 665 nacti
1747 611 1999 670 hostium

158 705 380 748 turmas
407 701 770 763 exceperunt.
821 687 888 742 In
942 689 1032 745 his
1083 688 1192 744 fuit
1250 687 1335 744 M.
1388 685 1656 762 Opimius
1702 690 1999 762 praefectus

157 772 436 846 equitum.
477 771 750 843 Reliquos
781 783 976 824 omnes
1015 785 1209 824 earum
1244 780 1559 824 turmarum
1598 782 1697 826 aut
1742 768 2007 844 interfe-J

159 862 404 956 cerunt,
433 863 532 906 aut
561 862 759 923 captos
791 849 864 903 ad
889 848 1214 905 Domitium
1244 849 1625 904 deduxerunt.

227 945 297 1040 47
361 984 573 1040 Cognitis
625 984 750 1030 hosti
798 980 1048 1032 insidiis.)
1111 979 1289 1040 scalig
1312 978 1561 1030 ediderat
1586 979 1717 1030 Vide
1736 983 1877 1032 Voss.
1890 981 1997 1032 Alii

167 1044 396 1106 cognitis
411 1045 475 1094 ab
498 1043 659 1093 hoste.
683 1043 820 1092 Male
842 1046 1047 1092 hostium
1112 1047 1241 1094 hosti
1264 1043 1609 1105 supprimunt.

753 1181 1136 1243 CAPUT
1234 1183 1417 1245 XIV:

151 1346 428 1406 Acilium
461 1347 756 1437 Legatum
787 1341 985 1402 Caesar
1014 1341 1187 1401 Orico
1213 1343 1492 1419 praeficit.
1536 1345 1640 1404 Cn.
1680 1345 1993 1422 Pompeius

137 1427 320 1502 fitius
341 1427 572 1485 Oricum
599 1425 795 1498 petit,
819 1425 1008 1500 ibique
1031 1436 1203 1497 opera
1223 1423 1427 1482 Acilii
1447 1423 1829 1515 perfringit.
1863 1428 2037 1486 ind?

199 1507 439 1566 Lissum
473 1503 821 1582 profectus,
853 1505 1112 1560 Antonii
1161 1523 1344 1562 naves
1384 1506 1687 1581 incendit,
1722 1516 1784 1566 et
1846 1520 1963 1580 op-

191 1609 204 1619 „
385 1609 390 1616 -
661 1583 862 1660 pidum
901 1581 1142 1656 frustra
1183 1595 1503 1664 oppugnat.

157 1755 166 1762 “
235 1683 598 1804 Deductis
628 1761 738 1801 01·ae
771 1743 1078 1798 maritimae
1113 1743 1395 1816 praesidiis
1425 1743 1617 1802 Caesar
1646 1785 1675 1818 ,
1718 1758 1781 1803 ut
1831 1759 2008 1822 supra
2046 1757 2124 1816 39

155 1823 619 1908 demonstratum
671 1837 980 1904 est,111.
1040 1823 1311 1880 cohortes
1352 1821 1558 1896 Orici,
1599 1826 1802 1900 oppidi
1836 1840 2011 1882 tuen-

157 1909 224 1964 di
266 1921 481 1976 causa,
514 1903 792 1977 reliquit,
843 1896 1026 1977 iisque
1068 1901 1393 1960 custodiam
1446 1906 1677 1961 navium
1706 1903 2013 1983 longarum

157 1983 414 2042 tradidit
435 2024 456 2058 ,
495 2001 634 2057 quas
663 2001 732 2038 ex
761 1981 936 2037 Italia
979 1983 1399 2040 transduxerat.
1442 1984 1598 2040 Huic
1627 1983 1865 2057 officio,
1896 2003 2017 2060 op-

155 2067 415 2140 pidoque
449 2076 688 2137 praeerat
719 2062 944 2120 Acilius
968 2064 1207 2136 legatus,
1262 2062 1319 2118 Is
1360 2079 1536 2120 naves
1562 2077 1789 2122 nostras
1816 2065 1877 2119 in
1908 2066 2015 2121 in-

159 2147 442 2202 tea-iorem
489 2155 716 2216 partem
759 2154 888 2214 post
927 2142 1206 2214 oppidu-ni·
1247 2142 1520 2216 reduxit,
1566 2155 1627 2198 et
1676 2141 1749 2199 sd
1799 2157 2017 2201 terram
2066 2193 2069 2196 ,

159 2224 446 2293 deligavit
476 2259 494 2288 ‚
523 2221 892 2294 faucibusque
925 2235 1123 2296 portus
1157 2239 1364 2276 navem
1408 2223 1734 2279 onerariam
1766 2225 2021 2280 submer-

157 2317 291 2358 sam
321 2301 574 2371 objecit,
605 2315 665 2356 et
697 2301 831 2355 huic
871 2304 1125 2356 alteram
1156 2300 1497 2376 conjunxit,
1527 2305 1697 2374 super
1728 2319 1866 2377 quas
1896 2315 2024 2359 tur-

157 2382 280 2436 rim
321 2378 584 2434 effectam
627 2379 698 2434 ad
749 2381 936 2451 ipsum
987 2381 1298 2436 introitum
1354 2395 1553 2454 portus
1602 2383 1914 2455 opposuit,
1962 2395 2023 2438 et

159 2459 454 2515 mnitibus
495 2459 859 2530 complevit,
905 2462 1287 2534 tuendamque
1332 2461 1407 2516 ad
1437 2477 1637 2534 omnes
1688 2465 2025 2534 repentinos

159 2557 330 2594 casus
373 2537 638 2592 tradidit.
692 2536 914 2610 Quibus
955 2540 1206 2613 cognitis
1252 2540 1420 2596 rebus
1468 2539 1577 2596 Cn.
1608 2539 1910 2615 Pompejus
1940 2541 2023 2596 fi..
2063 2554 2145 2615 40

162 2620 280 2675 lius
309 2658 329 2689 ,
381 2618 478 2690 qui
508 2617 996 2690 classiAEgyptiae
1041 2633 1334 2692 praeerat,
1386 2615 1447 2664 4⁸
1498 2621 1569 2675 ad
1622 2616 1865 2677 Oricum
1917 2639 2029 2677 ve·-

170 2697 795 2770 nit;submersamque
838 2697 1032 2751 navim
1079 2696 1375 2769 κωπίω,
1427 2701 1735 2772 multisque
1779 2713 2032 2756 conten-

173 2779 316 2833 deus
355 2776 582 2831 funibus
611 2775 850 2829 abduxit
878 2792 892 2832 :
940 2789 1112 2850 atque
1135 2781 1379 2832 alteram
1415 2793 1929 2851 navem,quaeerat
1957 2781 2033 2834 ad

175 2856 500 2914 custodiam
521 2854 594 2910 ab
609 2855 808 2912 Acilio
839 2855 1051 2928 posita,
1079 2857 1333 2930 pluribus
1354 2873 1661 2932 aggressus
1694 2859 2029 2929 navibus,49
2066 2854 2075 2863 '

243 3029 314 3084 48
377 3027 458 3074 Aa
475 3026 657 3072 Oricum
683 3019 872 3072 venit.)
899 3024 1077 3082 Recte,
1139 3037 1265 3072 vero
1292 3025 1356 3071 ad
1387 3027 1559 3071 libram
1587 3019 1832 3074 dicuntur
1862 3025 2033 3084 factae,

182 3089 308 3150 quia
328 3101 462 3147 saepe
487 3089 656 3136 Caesar
685 3085 738 3134 in
768 3085 848 3132 his
869 3098 1076 3146 expres·
1138 3075 1259 3148 quia'
1292 3087 1363 3134 ita
1386 3097 1535 3135 erant
1558 3086 1610 3133 in
1634 3087 1793 3146 navi,
1822 3097 1877 3136 ut
1900 3092 2033 3138 alter

185 3151 256 3198 sit
269 3150 724 3210 praepositionem.
1141 3150 1355 3198 alterius
1377 3159 1603 3210 aequaret
1635 3151 1845 3208 pondus,
1872 3165 1931 3198 ue
1954 3150 2033 3198 in-
2098 3147 2115 3159 ⁸

251 3221 322 3272 49
367 3216 445 3258 ln
471 3217 634 3272 quzbus
662 3215 724 3258 ad
755 3215 924 3260 libram
938 3215 1078 3264 fece·
1116 3213 1355 3261 ,clinaret
1374 3213 1535 3259 navis.
1561 3215 1725 3272 Factae
1749 3223 1924 3262 autem
1948 3216 2035 3262 vel
2096 3233 2101 3240 ·

185 3285 286 3324 ran²
311 3283 490 3323 turre-s.
509 3275 542 3329 )
556 3280 738 3323 Turres
765 3274 818 3321 in
861 3274 1074 3322 navibus
1138 3275 1190 3322 in
1215 3288 1367 3334 prora
1388 3309 1403 3334 ,
1422 3282 1473 3322 et
1502 3275 1779 3334 pupp1‚ve1
1806 3277 1871 3324 ad
1900 3279 2035 3329 latus

185 3347 386 3386 erectas
429 3339 652 3386 vidimus
696 3351 844 3398 supra
887 3338 1069 3386 Gallie.
1137 3347 1425 3399 utrumque.
1478 3340 1555 3384 Do
1610 3337 1691 3386 his
1747 3337 2033 3393 Scheffetus

187 3401 332 3452 Bello
355 3371 451 3451 (11.
470 3413 583 3462 cap.
607 3410 658 3462 9.
698 3411 822 3450 sect.
841 3411 924 3461 14.
970 3400 1078 3449 Hic
1131 3401 1247 3448 Mil.
1276 3405 1410 3452 Nav.
1433 3409 1516 3448 11.
1544 3409 1595 3460 5.

181 3591 220 3626 Χ
