2459 3834
460 61 616 161 496
959 80 1061 133 DE
1113 82 1354 134 BELLo
1411 80 1803 135 Ammiano

459 184 522 222 se
567 165 865 241 recipere,
909 174 1084 235 atque
1129 164 1190 217 in
1231 180 1407 235 opere
1457 165 1793 220 consistere.
1838 164 2155 243 Equitibus
2190 187 2323 229 au-

461 259 622 315 tem,
677 244 775 319 qui
821 246 882 298 in
913 244 1186 298 ‘statione
1213 242 1485 315 fuerant,
1536 246 1843 318 praecipit‚
1894 264 1953 303 ut
2014 264 2189 325 usque
2243 270 2325 312 eo

407 381 415 385 ,
459 328 650 381 locum
695 325 1069 392 obtinerent,
1127 340 1241 396 quo
1288 326 1475 396 paullo
1516 328 2103 385 aute-constitissent
2127 371 2148 402 ‚
2196 333 2323 390 do-

458 422 566 463 nec
595 406 668 460 ab
701 406 868 460 hoste
908 404 1144 459 missurn
1177 406 1357 459 telum
1396 406 1469 459 ad
1506 409 1575 459 ‘se
1628 409 2000 477 perveniret:
2039 411 2190 483 quod
2248 416 2313 469 si

455 488 722 561 proprius
769 484 1184 554 accederetur,
1223 500 1393 556 quam
1442 484 1845 541 honestissime
1874 505 1936 543 se
1968 490 2131 545 intra'
2168 508 2323 548 mu-

454 568 710 621 nitiones
759 566 1102 637 reciperent.
1164 563 1289 618 Alii
1342 582 1566 639 quoque
1614 567 1898 639 equitatui
1937 568 2163 641 edicit,
2206 574 2310 629 uti

453 648 692 719 q’uisque
741 658 860 701 suo·
892 647 1022 700 loco
1080 658 1359 715 paratust,
1416 658 1785 720 armatusque
1846 661 2053 720 praesto
2119 666 2311 710 esset.

451 727 535 779 At
568 725 688 779 haec
717 742 832 782 non
859 724 988 797 ipse
1017 740 1118 796 per
1169 740 1230 781 se
1282 742 1478 780 coram
1503 765 1524 796 ,
1551 743 1679 787 cum
1728 727 1800 782 de
1849 730 2003 785 vallo
2046 746 2314 804 perspe-

451 808 742 861 cularetur
765 846 783 876 ,
833 806 936 861 sed
969 808 1028 848 ⁵1
1080 804 1337 859 mirabili
1372 808 1591 877 peritus
1622 807 1869 861 scientia
1898 808 2153 863 bellandi
2180 850 2199 881 ,
2230 812 2307 868 in

416 888 724 959 -praetorio
749 886 993 958 sedens,
1039 900 1139 956 per
1177 888 1607 958 speculatores,
1650 900 1710 941 et
1752 889 1983 943 nuntios
2024 891 2309 961 impera·—

449 966 594 1039 bat,
620 984 741 1041 quae
795 964 922 1021 fieri
966 964 1214 1021 volebat.
1258 964 1780 1024 Animadvertebat
1822 968 1977 1023 enim
1996 1008 2019 1037 ‚
2071 987 2301 1041 quam·-

449 1064 622 1122 quam
652 1048 876 1119 magnis
899 1058 1088 1101 essent
1115 1043 1301 1117 copiis
1342 1047 1659 1102 adversarii
1715 1046 1895 1117 freti,
1939 1062 2128 1103 tamen
2186 1068 2301 1107 sae-

447 1144 520 1201 pe
549 1144 582 1183 a
611 1144 673 1183 se
701 1126 915 1201 fugatis
933 1165 954 1196 ‚
987 1124 1161 1197 pulsis
1179 1164 1199 1195 ,
1231 1127 1703 1201 perterritisque,
1734 1141 1792 1185 et
1822 1145 2149 1186 concessam
2184 1122 2302 1187 vi'-

447 1221 610 1279 tam,
649 1220 709 1263 et
751 1209 950 1281 ignota
996 1219 1275 1279 peccatax,
1325 1207 1525 1279 quibus
1567 1209 1731 1262 rebus
1774 1225 2077 1283 numquam
2116 1222 2297 1268 tanta

445 1298 777 1362 suppeteret
807 1306 877 1343 ex
912 1287 1166 1362 ipsorum
1199 1285 1447 1357 inertia,
1478 1288 1940 1363 conscientiaque
1968 1290 2146 1343 animi
2189 1293 2295 1347 vi·-

446 1370 648 1427 ctoriae
689 1366 940 1439 fiducia,
981 1382 1044 1423 ut
1103 1378 1295 1422 castra
1326 1384 1425 1426 sua
1456 1368 1677 1425 adoriri
1717 1368 2013 1425 auderent.
2056 1366 2298 1427 Praete-

444 1466 545 1505 rea
589 1450 768 1523 ipsius
817 1464 1024 1505 nomen
1049 1487 1070 1518 ‚
1118 1449 1545 1520 auctoritasque
1588 1464 1795 1521 magna
1843 1466 1915 1503 ex
1958 1465 2123 1522 parte
2176 1468 2297 1509 eo·-

443 1547 571 1585 rum
611 1530 901 1585 exercitus
959 1528 1263 1582 minuebat
1302 1528 1621 1584 audaciam.
1680 1524 1831 1583 Tum
1872 1530 2117 1607 egregiae
2160 1548 2298 1589 mu-

441 1612 696 1666 nitiones
735 1623 1053 1665 castrorum
1076 1646 1096 1678 ,
1125 1609 1365 1670 etvalli
1388 1648 1409 1680 ,
1449 1608 1840 1685 fossarumque
1886 1610 2180 1682 altitudo,
2228 1625 2295 1669 et

444 1694 502 1733 ⁵²
537 1704 702 1747 extra
747 1692 958 1746 vallum
987 1688 1128 1760 styli
1171 1687 1305 1743 caeci
1326 1726 1347 1759 ,
1400 1689 1724 1743 mirabile-m
1755 1690 1817 1743 in
1858 1690 2089 1747 modum
2122 1698 2287 1746 con-

441 1770 586 1843 siti,
627 1773 720 1826 vel
745 1772 875 1827 sine
901 1768 1293 1825 defensoribus
1322 1768 1543 1823 aditum
1594 1770 1943 1825 adversariis
1989 1769 2291 1844 prohibe-

441 1850 599 1905 bant.
644 1850 1024 1924 Scorpionum
1045 1887 1064 1918 ‚
1104 1850 1567 1925 captapultarutn
1594 1888 1614 1920 ,
1658 1862 2107 1925 caeterorumque
2137 1853 2285 1909 teio-

438 1946 608 2002 rum,
657 1948 776 2004 quae
844 1930 916 1985 ad
969 1926 1385 1983 defendendum
1452 1932 1639 1985 solent
1702 1930 1947 2001 parari,
2006 1948 2289 2005 magnam

437 2011 648 2082 copian
677 2008 943 2065 habebat.
978 2008 1169 2081 Atque
1201 2008 1322 2063 haec
1373 2023 1613 2081 propter
1660 2009 1949 2065 exercitus
1978 2011 2067 2067 sui
2118 2030 2285 2083 prae-

434 2090 618 2144 sentis
689 2091 1080 2162 paucitatem,
1132 2100 1192 2143 et
1258 2088 1593 2145 tirocinium
1631 2102 2095 2162 praeparaverat,
2160 2108 2287 2147 non

438 2168 694 2226 hostium
727 2170 827 2241 vi,
877 2184 938 2225 et
969 2182 1130 2225 motu
1170 2180 1535 2239 commotus,
1578 2169 1897 2243 patientem
1942 2187 2001 2225 se
2032 2210 2053 2243 ,
2102 2171 2287 2226 timi-

437 2250 690 2325 dumque
715 2250 970 2311 hostium
997 2248 1257 2322 opinioni
1294 2249 1599 2323 prebebat.
1644 2248 1850 2323 Neque
1888 2250 2113 2307 idcirco
2164 2268 2286 2307 co·-

436 2332 562 2405 pias
583 2372 604 2403 ‚
631 2348 972 2405 quamquam
1002 2342 1169 2385 erant
1216 2346 1405 2401 paucae
1426 2368 1447 2400 ,
1500 2332 1863 2404 tironumque
1883 2370 1904 2401 ,
1956 2348 2089 2387 now
2121 2332 2287 2405 edu-

435 2412 603 2467 cebat
635 2412 932 2473 inaciem
956 2450 976 2481 ,
1015 2409 1166 2484 quod
1216 2410 1479 2465 victoriae
1520 2426 1749 2466 suorum
1798 2410 2133 2483 diffideret3
2174 2410 2287 2469 sed

433 2490 652 2546 referre
673 2492 1065 2546 arbitrabatur
1081 2529 1101 2559 ,
1122 2487 1435 2561 cujusmodi
1461 2489 1709 2547 victoria
1730 2505 1880 2547 esset
1900 2490 2287 2547 futura.Tur·

431 2587 504 2644 pe
561 2571 718 2626 enim
767 2570 880 2626 sibi
930 2568 1343 2640 existimabat,
1386 2582 1476 2624 tot
1530 2570 1697 2626 rebus
1724 2572 1947 2645 gestis,
1979 2571 2286 2644 tantisque

431 2650 782 2711 exercitibus
823 2649 1115 2720 devictis,
1169 2662 1299 2719 tot,
1350 2660 1469 2731 tarn
1518 2650 1693 2705 claris
1745 2650 2012 2705 victoriis
2065 2652 2283 2723 partis,

383 2765 385 2767 -
429 2732 503 2787 ab
539 2732 778 2805 reiiquis
799 2730 991 2805 copiis
1023 2729 1486 2803 auversariorum
1520 2746 1747 2786 suorum
1789 2747 1860 2786 ex
1901 2730 2037 2804 fuga
2086 2734 2285 2786 cone-

432 2814 548 2871 ctis
593 2827 657 2871 se
703 2823 1002 2869 cruentam
1049 2810 1325 2884 adeptum
1352 2809 1677 2867 existimari
1706 2811 2036 2867 victoriam.
2073 2811 2294 2885 Itaque

337 3023 343 3031 -
467 2998 534 3051 51
569 2992 796 3039 Min-abila·
839 2993 1033 3049 peritus
1081 2987 1327 3040 scientia.)
1386 2984 1599 3037 Italicus
1616 2986 1654 3036 1.
1684 2999 1733 3036 2.
1762 3000 1814 3036 v.
1837 2997 1962 3047 415.

433 3054 605 3115 Lipsio
645 3057 804 3103 Elect.
843 3064 928 3101 11.
955 3064 1040 3103 22.
1081 3051 1327 3112 displicet
1453 3056 1524 3103 Et
1550 3056 1717 3112 stylus
1745 3057 1971 3099 occulitur
1990 3085 2005 3109 ,
2028 3062 2195 3099 cacum
2220 3050 2282 3097 in

427 3123 646 3177 peritus:
673 3116 938 3167 substituit
961 3120 1178 3177 penitus.
1548 3118 1761 3175 vestigia
1784 3120 1951 3162 telum.

463 3191 530 3241 5'2
573 3187 738 3229 Extra
780 3185 967 3228 vallum
1013 3184 1140 3242 styli
1173 3178 1319 3233 επεὶ.)
1380 3175 1460 3227 Sic
1497 3180 1609 3225 AEn.
1641 3186 1700 3239 ’5.
1737 3191 1789 3225 ν.
1838 3178 1955 3237 164.
1994 3190 2115 3227 caca
2143 3188 2281 3225 sus·

427 3245 632 3291 stimuli
659 3245 712 3291 in
746 3250 937 3291 terram
961 3242 1144 3303 defixi,
1167 3242 1319 3289 tecti·
1380 3250 1499 3291 sunt
1518 3243 1609 3290 sub
1625 3240 1771 3303 aquis
1789 3239 2025 3290 latentiu-

421 3318 526 3367 =que
543 3341 560 3366 ,
587 3318 642 3356 ut
656 3310 828 3358 minus
854 3308 1144 3358 videantur.
1163 3306 1317 3355 Silius

2355 12 2449 50 “7
