<?xml version="1.0" encoding="UTF-8"?>
<!DOCTYPE html PUBLIC "-//W3C//DTD XHTML 1.0 Transitional//EN"
    "http://www.w3.org/TR/xhtml1/DTD/xhtml1-transitional.dtd">
<html xmlns="http://www.w3.org/1999/xhtml" xml:lang="en" lang="en">
 <head>
  <title>
</title>
<meta http-equiv="Content-Type" content="text/html;charset=utf-8" />
  <meta name='ocr-system' content='tesseract 3.04.00' />
  <meta name='ocr-capabilities' content='ocr_page ocr_carea ocr_par ocr_line ocrx_word'/>
</head>
<body>
  <div class='ocr_page' id='page_1' title='image "./cjuliicsariscom00lagogoog/cjuliicsariscom00lagogoog_0577.png"; bbox 0 0 2459 3834; ppageno 0'>
   <div class='ocr_carea' id='block_1_1' title="bbox 868 152 2093 257">
    <p class='ocr_par' dir='ltr' id='par_1_1' title="bbox 868 152 2093 257">
     <span class='ocr_line' id='line_1_1' title="bbox 868 152 2093 257; baseline 0.001 -32"><span class='ocrx_word' id='word_1_1' title='bbox 868 170 1018 225; x_wconf 72' lang='lat' dir='ltr'><strong>un.</strong></span> <span class='ocrx_word' id='word_1_2' title='bbox 1087 172 1160 225; x_wconf 74' lang='lat' dir='ltr'><strong>A.</strong></span> <span class='ocrx_word' id='word_1_3' title='bbox 1216 172 1489 225; x_wconf 69' lang='lat' dir='ltr'><strong>maru.</strong></span> <span class='ocrx_word' id='word_1_4' title='bbox 1785 152 1792 159; x_wconf 82' lang='grc'>’</span> <span class='ocrx_word' id='word_1_5' title='bbox 1932 152 2093 257; x_wconf 93' lang='grc'><strong>967</strong></span> 
     </span>
    </p>
   </div>
   <div class='ocr_carea' id='block_1_2' title="bbox 240 247 2081 406">
    <p class='ocr_par' dir='ltr' id='par_1_2' title="bbox 240 247 2081 406">
     <span class='ocr_line' id='line_1_2' title="bbox 240 247 2081 329; baseline 0.002 -18"><span class='ocrx_word' id='word_1_6' title='bbox 240 260 589 327; x_wconf 66' lang='lat' dir='ltr'><strong>sequuntur.</strong></span> <span class='ocrx_word' id='word_1_7' title='bbox 650 248 771 327; x_wconf 87' lang='lat' dir='ltr'><strong>Qui</strong></span> <span class='ocrx_word' id='word_1_8' title='bbox 810 250 1084 325; x_wconf 75' lang='lat' dir='ltr'><strong>Imparati</strong></span> <span class='ocrx_word' id='word_1_9' title='bbox 1124 269 1159 308; x_wconf 89' lang='lat' dir='ltr'><strong>a</strong></span> <span class='ocrx_word' id='word_1_10' title='bbox 1196 249 1435 327; x_wconf 71' lang='lat' dir='ltr'><strong>Can-teja</strong></span> <span class='ocrx_word' id='word_1_11' title='bbox 1468 247 1715 327; x_wconf 79' lang='lat' dir='ltr'><strong>profecti</strong></span> <span class='ocrx_word' id='word_1_12' title='bbox 1757 250 1884 311; x_wconf 87' lang='lat' dir='ltr'><strong>sine</strong></span> <span class='ocrx_word' id='word_1_13' title='bbox 1932 273 2081 329; x_wconf 75' lang='lat' dir='ltr'><strong>aque</strong></span> 
     </span>
     <span class='ocr_line' id='line_1_3' title="bbox 243 330 2080 406; baseline 0.002 -17"><span class='ocrx_word' id='word_1_14' title='bbox 243 332 499 391; x_wconf 83' lang='lat' dir='ltr'><strong>fuissent</strong></span> <span class='ocrx_word' id='word_1_15' title='bbox 520 373 539 405; x_wconf 89' lang='lat'>,</span> <span class='ocrx_word' id='word_1_16' title='bbox 590 332 665 389; x_wconf 91' lang='lat' dir='ltr'><strong>ad</strong></span> <span class='ocrx_word' id='word_1_17' title='bbox 700 345 914 390; x_wconf 84' lang='lat' dir='ltr'><strong>terram</strong></span> <span class='ocrx_word' id='word_1_18' title='bbox 964 332 1280 404; x_wconf 84' lang='lat' dir='ltr'><strong>applicant.</strong></span> <span class='ocrx_word' id='word_1_19' title='bbox 1311 330 1467 387; x_wconf 86' lang='lat' dir='ltr'><strong>Dum</strong></span> <span class='ocrx_word' id='word_1_20' title='bbox 1497 345 1778 406; x_wconf 78' lang='lat' dir='ltr'><strong>aquantur</strong></span> <span class='ocrx_word' id='word_1_21' title='bbox 1799 373 1820 404; x_wconf 90' lang='lat'>‚</span> <span class='ocrx_word' id='word_1_22' title='bbox 1866 333 2080 392; x_wconf 88' lang='lat' dir='ltr'><strong>Didius</strong></span> 
     </span>
    </p>
   </div>
   <div class='ocr_carea' id='block_1_3' title="bbox 239 412 2198 489">
    <p class='ocr_par' dir='ltr' id='par_1_3' title="bbox 239 412 2198 489">
     <span class='ocr_line' id='line_1_4' title="bbox 239 412 2198 489; baseline 0.001 -19"><span class='ocrx_word' id='word_1_23' title='bbox 239 414 433 470; x_wconf 78' lang='lat' dir='ltr'><strong>classe</strong></span> <span class='ocrx_word' id='word_1_24' title='bbox 462 412 722 469; x_wconf 88' lang='lat' dir='ltr'><strong>occurrit</strong></span> <span class='ocrx_word' id='word_1_25' title='bbox 745 451 764 481; x_wconf 87' lang='lat'><strong>,</strong></span> <span class='ocrx_word' id='word_1_26' title='bbox 798 426 967 467; x_wconf 85' lang='lat' dir='ltr'><strong>naves</strong></span> <span class='ocrx_word' id='word_1_27' title='bbox 987 412 1258 467; x_wconf 61' lang='lat' dir='ltr'><strong>&gt;incendit</strong></span> <span class='ocrx_word' id='word_1_28' title='bbox 1279 450 1300 484; x_wconf 91' lang='lat'>‚</span> <span class='ocrx_word' id='word_1_29' title='bbox 1349 414 1649 469; x_wconf 82' lang='lat' dir='ltr'><strong>nonnullas</strong></span> <span class='ocrx_word' id='word_1_30' title='bbox 1685 414 1865 485; x_wconf 82' lang='lat' dir='ltr'><strong>capit.</strong></span> <span class='ocrx_word' id='word_1_31' title='bbox 1895 412 2082 471; x_wconf 80' lang='lat' dir='ltr'><strong>Pom-</strong></span> <span class='ocrx_word' id='word_1_32' title='bbox 2121 413 2198 489; x_wconf 83' lang='lat'><strong>38</strong></span> 
     </span>
    </p>
   </div>
   <div class='ocr_carea' id='block_1_4' title="bbox 242 490 2129 565">
    <p class='ocr_par' dir='ltr' id='par_1_4' title="bbox 242 490 2129 565">
     <span class='ocr_line' id='line_1_5' title="bbox 242 490 2129 565; baseline 0.002 -19"><span class='ocrx_word' id='word_1_33' title='bbox 242 490 412 564; x_wconf 79' lang='lat' dir='ltr'><strong>pejus</strong></span> <span class='ocrx_word' id='word_1_34' title='bbox 441 508 567 548; x_wconf 87' lang='lat' dir='ltr'><strong>cum</strong></span> <span class='ocrx_word' id='word_1_35' title='bbox 599 490 793 565; x_wconf 82' lang='lat' dir='ltr'>paucis</span> <span class='ocrx_word' id='word_1_36' title='bbox 845 490 1101 564; x_wconf 78' lang='lat' dir='ltr'>profugit</span> <span class='ocrx_word' id='word_1_37' title='bbox 1126 530 1147 562; x_wconf 89' lang='lat'>,</span> <span class='ocrx_word' id='word_1_38' title='bbox 1196 503 1256 546; x_wconf 90' lang='lat' dir='ltr'><strong>et</strong></span> <span class='ocrx_word' id='word_1_39' title='bbox 1297 492 1482 547; x_wconf 88' lang='lat' dir='ltr'><strong>locum</strong></span> <span class='ocrx_word' id='word_1_40' title='bbox 1533 493 1836 565; x_wconf 84' lang='lat' dir='ltr'><strong>quemdam</strong></span> <span class='ocrx_word' id='word_1_41' title='bbox 1886 495 2087 550; x_wconf 81' lang='lat' dir='ltr'><strong>muni·-</strong></span> <span class='ocrx_word' id='word_1_42' title='bbox 2123 544 2129 549; x_wconf 80' lang='grc'>,</span> 
     </span>
    </p>
   </div>
   <div class='ocr_carea' id='block_1_5' title="bbox 127 568 2086 647">
    <p class='ocr_par' dir='ltr' id='par_1_5' title="bbox 127 568 2086 647">
     <span class='ocr_line' id='line_1_6' title="bbox 127 568 2086 647; baseline 0.003 -22"><span class='ocrx_word' id='word_1_43' title='bbox 127 629 142 634; x_wconf 23' lang='grc' dir='ltr'>β</span> <span class='ocrx_word' id='word_1_44' title='bbox 162 628 174 633; x_wconf 64' lang='grc'>,</span> <span class='ocrx_word' id='word_1_45' title='bbox 241 568 375 625; x_wconf 72' lang='grc' dir='ltr'><strong>τιιῑῇ</strong></span> <span class='ocrx_word' id='word_1_46' title='bbox 409 585 615 627; x_wconf 85' lang='lat' dir='ltr'><strong>natura</strong></span> <span class='ocrx_word' id='word_1_47' title='bbox 647 583 909 642; x_wconf 85' lang='lat' dir='ltr'><strong>occupat.</strong></span> <span class='ocrx_word' id='word_1_48' title='bbox 942 569 1181 643; x_wconf 80' lang='lat' dir='ltr'><strong>Equites</strong></span> <span class='ocrx_word' id='word_1_49' title='bbox 1202 609 1223 640; x_wconf 86' lang='lat'><strong>,</strong></span> <span class='ocrx_word' id='word_1_50' title='bbox 1252 579 1312 625; x_wconf 91' lang='lat' dir='ltr'><strong>et</strong></span> <span class='ocrx_word' id='word_1_51' title='bbox 1351 570 1622 627; x_wconf 84' lang='lat' dir='ltr'><strong>cohortes</strong></span> <span class='ocrx_word' id='word_1_52' title='bbox 1642 612 1663 644; x_wconf 88' lang='lat'>,</span> <span class='ocrx_word' id='word_1_53' title='bbox 1689 590 1809 646; x_wconf 80' lang='lat' dir='ltr'><strong>quae</strong></span> <span class='ocrx_word' id='word_1_54' title='bbox 1838 573 1910 629; x_wconf 82' lang='lat' dir='ltr'><strong>ad</strong></span> <span class='ocrx_word' id='word_1_55' title='bbox 1945 591 2086 647; x_wconf 88' lang='lat' dir='ltr'><strong>per-</strong></span> 
     </span>
    </p>
   </div>
   <div class='ocr_carea' id='block_1_6' title="bbox 236 650 2104 1118">
    <p class='ocr_par' dir='ltr' id='par_1_6' title="bbox 236 650 2104 1118">
     <span class='ocr_line' id='line_1_7' title="bbox 240 650 2087 726; baseline 0.002 -21"><span class='ocrx_word' id='word_1_56' title='bbox 240 651 603 721; x_wconf 79' lang='lat' dir='ltr'><strong>sequendum</strong></span> <span class='ocrx_word' id='word_1_57' title='bbox 659 651 841 707; x_wconf 77' lang='lat' dir='ltr'><strong>missae</strong></span> <span class='ocrx_word' id='word_1_58' title='bbox 887 661 1077 705; x_wconf 82' lang='lat' dir='ltr'><strong>essent</strong></span> <span class='ocrx_word' id='word_1_59' title='bbox 1107 688 1128 720; x_wconf 89' lang='lat'>,</span> <span class='ocrx_word' id='word_1_60' title='bbox 1176 650 1630 721; x_wconf 75' lang='lat' dir='ltr'><strong>speculatoribus</strong></span> <span class='ocrx_word' id='word_1_61' title='bbox 1680 660 1817 708; x_wconf 73' lang='lat' dir='ltr'><strong>aitte</strong></span> <span class='ocrx_word' id='word_1_62' title='bbox 1871 653 2087 726; x_wconf 78' lang='lat' dir='ltr'><strong>missis,&#39;</strong></span> 
     </span>
     <span class='ocr_line' id='line_1_8' title="bbox 239 727 2086 805; baseline 0.003 -22"><span class='ocrx_word' id='word_1_63' title='bbox 239 729 533 785; x_wconf 83' lang='lat' dir='ltr'><strong>certiores</strong></span> <span class='ocrx_word' id='word_1_64' title='bbox 562 727 705 786; x_wconf 83' lang='lat' dir='ltr'><strong>fiunt</strong></span> <span class='ocrx_word' id='word_1_65' title='bbox 734 746 753 787; x_wconf 75' lang='lat' dir='ltr'><strong>t</strong></span> <span class='ocrx_word' id='word_1_66' title='bbox 795 727 949 784; x_wconf 87' lang='lat' dir='ltr'><strong>diem</strong></span> <span class='ocrx_word' id='word_1_67' title='bbox 968 767 992 801; x_wconf 90' lang='lat'><em>,</em></span> <span class='ocrx_word' id='word_1_68' title='bbox 1022 740 1083 783; x_wconf 92' lang='lat' dir='ltr'><strong>et</strong></span> <span class='ocrx_word' id='word_1_69' title='bbox 1129 741 1359 785; x_wconf 86' lang='lat' dir='ltr'><strong>noctem</strong></span> <span class='ocrx_word' id='word_1_70' title='bbox 1396 729 1510 785; x_wconf 86' lang='lat' dir='ltr'><strong>iter</strong></span> <span class='ocrx_word' id='word_1_71' title='bbox 1537 730 1775 786; x_wconf 87' lang='lat' dir='ltr'><strong>faciunt.</strong></span> <span class='ocrx_word' id='word_1_72' title='bbox 1825 728 2086 805; x_wconf 83' lang='lat' dir='ltr'><strong>Pompe-</strong></span> 
     </span>
     <span class='ocr_line' id='line_1_9' title="bbox 236 805 2104 879; baseline 0.004 -18"><span class='ocrx_word' id='word_1_73' title='bbox 236 805 335 879; x_wconf 79' lang='lat' dir='ltr'><strong>jus</strong></span> <span class='ocrx_word' id='word_1_74' title='bbox 390 808 625 863; x_wconf 82' lang='lat' dir='ltr'><strong>humero</strong></span> <span class='ocrx_word' id='word_1_75' title='bbox 648 848 668 878; x_wconf 91' lang='lat'><strong>,</strong></span> <span class='ocrx_word' id='word_1_76' title='bbox 694 820 756 863; x_wconf 88' lang='lat' dir='ltr'><strong>et</strong></span> <span class='ocrx_word' id='word_1_77' title='bbox 784 808 1023 865; x_wconf 81' lang='lat' dir='ltr'><strong>sinistro</strong></span> <span class='ocrx_word' id='word_1_78' title='bbox 1062 824 1229 863; x_wconf 85' lang='lat' dir='ltr'><strong>crure</strong></span> <span class='ocrx_word' id='word_1_79' title='bbox 1270 808 1645 864; x_wconf 82' lang='lat' dir='ltr'><strong>vehementer</strong></span> <span class='ocrx_word' id='word_1_80' title='bbox 1676 821 1804 865; x_wconf 84' lang='lat' dir='ltr'><strong>erat</strong></span> <span class='ocrx_word' id='word_1_81' title='bbox 1831 813 2104 868; x_wconf 85' lang='lat' dir='ltr'><strong>saucius.-</strong></span> 
     </span>
     <span class='ocr_line' id='line_1_10' title="bbox 250 885 2085 961; baseline 0.004 -22"><span class='ocrx_word' id='word_1_82' title='bbox 250 885 388 941; x_wconf 85' lang='lat' dir='ltr'><strong>Huc</strong></span> <span class='ocrx_word' id='word_1_83' title='bbox 435 887 791 958; x_wconf 85' lang='lat' dir='ltr'><strong>accedebat,</strong></span> <span class='ocrx_word' id='word_1_84' title='bbox 842 898 907 941; x_wconf 91' lang='lat' dir='ltr'><strong>ut</strong></span> <span class='ocrx_word' id='word_1_85' title='bbox 964 888 1145 943; x_wconf 86' lang='lat' dir='ltr'><strong>etiam</strong></span> <span class='ocrx_word' id='word_1_86' title='bbox 1195 889 1376 946; x_wconf 81' lang='lat' dir='ltr'><strong>talum</strong></span> <span class='ocrx_word' id='word_1_87' title='bbox 1416 887 1788 945; x_wconf 73' lang='lat' dir='ltr'><strong>intorsissett</strong></span> <span class='ocrx_word' id='word_1_88' title='bbox 1824 906 1944 961; x_wconf 81' lang='lat' dir='ltr'><strong>quae</strong></span> <span class='ocrx_word' id='word_1_89' title='bbox 1993 908 2085 947; x_wconf 86' lang='lat' dir='ltr'><strong>res</strong></span> 
     </span>
     <span class='ocr_line' id='line_1_11' title="bbox 246 964 2086 1041; baseline 0.004 -22"><span class='ocrx_word' id='word_1_90' title='bbox 246 966 501 1029; x_wconf 56' lang='lat' dir='ltr'><strong>maxime</strong></span> <span class='ocrx_word' id='word_1_91' title='bbox 540 964 913 1038; x_wconf 84' lang='lat' dir='ltr'><strong>impediebat.</strong></span> <span class='ocrx_word' id='word_1_92' title='bbox 942 965 1035 1022; x_wconf 81' lang='lat' dir='ltr'><strong>Ita</strong></span> <span class='ocrx_word' id='word_1_93' title='bbox 1065 966 1276 1025; x_wconf 79' lang='lat' dir='ltr'><strong>lectica</strong></span> <span class='ocrx_word' id='word_1_94' title='bbox 1302 982 1338 1023; x_wconf 85' lang='lat' dir='ltr'><strong>a</strong></span> <span class='ocrx_word' id='word_1_95' title='bbox 1365 978 1526 1025; x_wconf 82' lang='lat' dir='ltr'><strong>turre</strong></span> <span class='ocrx_word' id='word_1_96' title='bbox 1548 1006 1571 1041; x_wconf 89' lang='lat'><em>,</em></span> <span class='ocrx_word' id='word_1_97' title='bbox 1597 984 1712 1041; x_wconf 83' lang='lat' dir='ltr'><strong>qua</strong></span> <span class='ocrx_word' id='word_1_98' title='bbox 1747 979 1902 1028; x_wconf 86' lang='lat' dir='ltr'><strong>esset</strong></span> <span class='ocrx_word' id='word_1_99' title='bbox 1928 970 2086 1027; x_wconf 81' lang='lat' dir='ltr'><strong>alla-</strong></span> 
     </span>
     <span class='ocr_line' id='line_1_12' title="bbox 247 1045 916 1118; baseline -0.003 -17"><span class='ocrx_word' id='word_1_100' title='bbox 247 1054 345 1107; x_wconf 72' lang='lat' dir='ltr'><strong>tus</strong></span> <span class='ocrx_word' id='word_1_101' title='bbox 364 1084 388 1118; x_wconf 88' lang='lat'>,</span> <span class='ocrx_word' id='word_1_102' title='bbox 415 1047 479 1103; x_wconf 82' lang='lat' dir='ltr'><strong>in</strong></span> <span class='ocrx_word' id='word_1_103' title='bbox 506 1062 577 1103; x_wconf 79' lang='lat' dir='ltr'><strong>ea</strong></span> <span class='ocrx_word' id='word_1_104' title='bbox 602 1045 916 1103; x_wconf 79' lang='lat' dir='ltr'><strong>ferebatur.</strong></span> 
     </span>
    </p>
   </div>
   <div class='ocr_carea' id='block_1_7' title="bbox 856 1201 1460 1267">
    <p class='ocr_par' dir='ltr' id='par_1_7' title="bbox 856 1201 1460 1267">
     <span class='ocr_line' id='line_1_13' title="bbox 856 1201 1460 1267; baseline 0.007 -5"><span class='ocrx_word' id='word_1_105' title='bbox 856 1201 1243 1263; x_wconf 75' lang='lat' dir='ltr'>CAPUT</span> <span class='ocrx_word' id='word_1_106' title='bbox 1325 1205 1460 1267; x_wconf 86' lang='lat' dir='ltr'><strong>XV.</strong></span> 
     </span>
    </p>
   </div>
   <div class='ocr_carea' id='block_1_8' title="bbox 204 1361 2104 1840">
    <p class='ocr_par' dir='ltr' id='par_1_8' title="bbox 204 1361 2104 1840">
     <span class='ocr_line' id='line_1_14' title="bbox 248 1361 2081 1446; baseline -0.001 -20"><span class='ocrx_word' id='word_1_107' title='bbox 248 1365 577 1426; x_wconf 73' lang='lat' dir='ltr'><strong>Lusitanus</strong></span> <span class='ocrx_word' id='word_1_108' title='bbox 596 1382 633 1421; x_wconf 83' lang='lat' dir='ltr'><strong>a</strong></span> <span class='ocrx_word' id='word_1_109' title='bbox 651 1361 939 1423; x_wconf 77' lang='lat' dir='ltr'><strong>Caesareis</strong></span> <span class='ocrx_word' id='word_1_110' title='bbox 958 1364 1430 1423; x_wconf 71' lang='lat' dir='ltr'><strong>circumcluditur</strong></span> <span class='ocrx_word' id='word_1_111' title='bbox 1443 1387 1464 1441; x_wconf 80' lang='lat'>3</span> <span class='ocrx_word' id='word_1_112' title='bbox 1472 1365 1660 1445; x_wconf 80' lang='lat' dir='ltr'><strong>fitque</strong></span> <span class='ocrx_word' id='word_1_113' title='bbox 1679 1366 2081 1446; x_wconf 77' lang='lat' dir='ltr'><strong>aliquodprae.</strong></span> 
     </span>
     <span class='ocr_line' id='line_1_15' title="bbox 204 1442 2076 1520; baseline 0.004 -21"><span class='ocrx_word' id='word_1_114' title='bbox 204 1463 213 1469; x_wconf 83' lang='lat'><strong>·</strong></span> <span class='ocrx_word' id='word_1_115' title='bbox 248 1442 413 1500; x_wconf 81' lang='lat' dir='ltr'><strong>lium.</strong></span> <span class='ocrx_word' id='word_1_116' title='bbox 461 1446 775 1518; x_wconf 67' lang='lat' dir='ltr'><strong>Pompeius</strong></span> <span class='ocrx_word' id='word_1_117' title='bbox 803 1445 1165 1501; x_wconf 74' lang='lat' dir='ltr'><strong>interimitur</strong></span> <span class='ocrx_word' id='word_1_118' title='bbox 1188 1484 1207 1513; x_wconf 93' lang='lat'>‚</span> <span class='ocrx_word' id='word_1_119' title='bbox 1245 1445 1414 1513; x_wconf 78' lang='lat' dir='ltr'><strong>cujus</strong></span> <span class='ocrx_word' id='word_1_120' title='bbox 1469 1460 1644 1520; x_wconf 79' lang='lat' dir='ltr'><strong>caput</strong></span> <span class='ocrx_word' id='word_1_121' title='bbox 1693 1449 1771 1503; x_wconf 85' lang='lat' dir='ltr'><strong>ad</strong></span> <span class='ocrx_word' id='word_1_122' title='bbox 1790 1448 2076 1507; x_wconf 74' lang='lat' dir='ltr'><strong>Caesarem</strong></span> 
     </span>
     <span class='ocr_line' id='line_1_16' title="bbox 251 1520 2104 1615; baseline 0.004 -38"><span class='ocrx_word' id='word_1_123' title='bbox 251 1520 544 1595; x_wconf 73' lang='lat' dir='ltr'><strong>defertur.</strong></span> <span class='ocrx_word' id='word_1_124' title='bbox 600 1524 878 1581; x_wconf 76' lang='lat' dir='ltr'><strong>Lusitani</strong></span> <span class='ocrx_word' id='word_1_125' title='bbox 924 1533 1126 1579; x_wconf 79' lang='lat' dir='ltr'><strong>contra</strong></span> <span class='ocrx_word' id='word_1_126' title='bbox 1155 1522 1402 1579; x_wconf 75' lang='lat' dir='ltr'><strong>Didium</strong></span> <span class='ocrx_word' id='word_1_127' title='bbox 1431 1524 1925 1615; x_wconf 52' lang='lat' dir='ltr'><strong>proficis-cuneum</strong></span> <span class='ocrx_word' id='word_1_128' title='bbox 1974 1529 2104 1584; x_wconf 69' lang='lat' dir='ltr'><strong>im·-</strong></span> 
     </span>
     <span class='ocr_line' id='line_1_17' title="bbox 248 1600 2076 1666; baseline 0.003 -7"><span class='ocrx_word' id='word_1_129' title='bbox 248 1602 439 1661; x_wconf 71' lang='lat' dir='ltr'><strong>sidias</strong></span> <span class='ocrx_word' id='word_1_130' title='bbox 497 1614 763 1660; x_wconf 78' lang='lat' dir='ltr'><strong>struunt:</strong></span> <span class='ocrx_word' id='word_1_131' title='bbox 808 1603 988 1659; x_wconf 86' lang='lat' dir='ltr'><strong>Didii</strong></span> <span class='ocrx_word' id='word_1_132' title='bbox 1036 1619 1203 1659; x_wconf 77' lang='lat' dir='ltr'><strong>mors.</strong></span> <span class='ocrx_word' id='word_1_133' title='bbox 1274 1600 1534 1661; x_wconf 79' lang='lat' dir='ltr'><strong>Caesarei</strong></span> <span class='ocrx_word' id='word_1_134' title='bbox 1597 1606 1755 1666; x_wconf 80' lang='lat' dir='ltr'><strong>caede</strong></span> <span class='ocrx_word' id='word_1_135' title='bbox 1820 1607 2076 1665; x_wconf 67' lang='lat' dir='ltr'><strong>hostium</strong></span> 
     </span>
     <span class='ocr_line' id='line_1_18' title="bbox 294 1679 1960 1773; baseline -0.002 -28"><span class='ocrx_word' id='word_1_136' title='bbox 294 1738 299 1745; x_wconf 87' lang='lat'><strong>.</strong></span> <span class='ocrx_word' id='word_1_137' title='bbox 354 1679 539 1757; x_wconf 79' lang='lat' dir='ltr'><strong>facta</strong></span> <span class='ocrx_word' id='word_1_138' title='bbox 576 1684 891 1743; x_wconf 75' lang='lat' dir='ltr'><strong>Ursaonem</strong></span> <span class='ocrx_word' id='word_1_139' title='bbox 923 1692 1139 1755; x_wconf 78' lang='lat' dir='ltr'><strong>petunt</strong></span> <span class='ocrx_word' id='word_1_140' title='bbox 1160 1721 1183 1753; x_wconf 88' lang='lat'><strong><em>,</em></strong></span> <span class='ocrx_word' id='word_1_141' title='bbox 1222 1683 1494 1773; x_wconf 58' lang='lat' dir='ltr'><strong>oppidum</strong></span> <span class='ocrx_word' id='word_1_142' title='bbox 1551 1684 1719 1753; x_wconf 57' lang='lat' dir='ltr'><strong>iehan</strong></span> <span class='ocrx_word' id='word_1_143' title='bbox 1765 1697 1960 1761; x_wconf 76' lang='lat' dir='ltr'><strong>oppu-</strong></span> 
     </span>
     <span class='ocr_line' id='line_1_19' title="bbox 1026 1772 2004 1840; baseline 0.009 -23"><span class='ocrx_word' id='word_1_144' title='bbox 1026 1772 1296 1840; x_wconf 65' lang='lat' dir='ltr'><strong>gnatum·</strong></span> <span class='ocrx_word' id='word_1_145' title='bbox 1995 1789 2004 1797; x_wconf 65' lang='grc'><strong>“</strong></span> 
     </span>
    </p>
   </div>
   <div class='ocr_carea' id='block_1_9' title="bbox 248 1854 2198 3343">
    <p class='ocr_par' dir='ltr' id='par_1_9' title="bbox 248 1854 2198 3343">
     <span class='ocr_line' id='line_1_20' title="bbox 331 1854 2078 1997; baseline 0.005 -20"><span class='ocrx_word' id='word_1_146' title='bbox 331 1854 699 1979; x_wconf 75' lang='lat' dir='ltr'><strong>Lusitanus</strong></span> <span class='ocrx_word' id='word_1_147' title='bbox 740 1936 900 1978; x_wconf 83' lang='lat' dir='ltr'><strong>more</strong></span> <span class='ocrx_word' id='word_1_148' title='bbox 934 1920 1176 1979; x_wconf 81' lang='lat' dir='ltr'><strong>militari</strong></span> <span class='ocrx_word' id='word_1_149' title='bbox 1204 1961 1228 1994; x_wconf 91' lang='lat'><em>‚</em></span> <span class='ocrx_word' id='word_1_150' title='bbox 1277 1938 1406 1980; x_wconf 86' lang='lat' dir='ltr'><strong>cum</strong></span> <span class='ocrx_word' id='word_1_151' title='bbox 1457 1938 1494 1979; x_wconf 84' lang='lat' dir='ltr'><strong>a</strong></span> <span class='ocrx_word' id='word_1_152' title='bbox 1539 1919 1786 1990; x_wconf 72' lang='lat' dir='ltr'><strong>Caesaris</strong></span> <span class='ocrx_word' id='word_1_153' title='bbox 1814 1925 2078 1997; x_wconf 67' lang='lat' dir='ltr'><strong>presidio</strong></span> 
     </span>
     <span class='ocr_line' id='line_1_21' title="bbox 250 2000 2080 2081; baseline 0.001 -22"><span class='ocrx_word' id='word_1_154' title='bbox 250 2000 451 2059; x_wconf 72' lang='lat' dir='ltr'><strong>fuisset</strong></span> <span class='ocrx_word' id='word_1_155' title='bbox 502 2013 839 2075; x_wconf 83' lang='lat' dir='ltr'><strong>conspectus</strong></span> <span class='ocrx_word' id='word_1_156' title='bbox 860 2040 881 2073; x_wconf 83' lang='lat'><strong>,</strong></span> <span class='ocrx_word' id='word_1_157' title='bbox 924 2002 1194 2079; x_wconf 82' lang='lat' dir='ltr'><strong>celeriter</strong></span> <span class='ocrx_word' id='word_1_158' title='bbox 1251 2003 1514 2075; x_wconf 84' lang='lat' dir='ltr'><strong>equitatu</strong></span> <span class='ocrx_word' id='word_1_159' title='bbox 1557 2042 1576 2074; x_wconf 88' lang='lat'><strong>,</strong></span> <span class='ocrx_word' id='word_1_160' title='bbox 1632 2002 2080 2081; x_wconf 64' lang='lat' dir='ltr'><strong>cohortibusque</strong></span> 
     </span>
     <span class='ocr_line' id='line_1_22' title="bbox 251 2080 2084 2143; baseline 0.002 -7"><span class='ocrx_word' id='word_1_161' title='bbox 251 2081 745 2139; x_wconf 79' lang='lat' dir='ltr'><strong>circumcluditur.</strong></span> <span class='ocrx_word' id='word_1_162' title='bbox 796 2081 942 2138; x_wconf 87' lang='lat' dir='ltr'><strong>Erat</strong></span> <span class='ocrx_word' id='word_1_163' title='bbox 972 2096 1234 2139; x_wconf 78' lang='lat' dir='ltr'><strong>accessus</strong></span> <span class='ocrx_word' id='word_1_164' title='bbox 1279 2082 1396 2141; x_wconf 87' lang='lat' dir='ltr'><strong>loci</strong></span> <span class='ocrx_word' id='word_1_165' title='bbox 1422 2080 1762 2140; x_wconf 81' lang='lat' dir='ltr'><strong>difficultas.</strong></span> <span class='ocrx_word' id='word_1_166' title='bbox 1791 2082 1952 2143; x_wconf 63' lang='lat' dir='ltr'><strong>Num</strong></span> <span class='ocrx_word' id='word_1_167' title='bbox 1979 2084 2084 2139; x_wconf 83' lang='lat' dir='ltr'><strong>id·-</strong></span> 
     </span>
     <span class='ocr_line' id='line_1_23' title="bbox 250 2160 2096 2235; baseline 0.002 -20"><span class='ocrx_word' id='word_1_168' title='bbox 250 2160 413 2219; x_wconf 89' lang='lat' dir='ltr'><strong>circo</strong></span> <span class='ocrx_word' id='word_1_169' title='bbox 432 2199 453 2233; x_wconf 92' lang='lat'><strong>,</strong></span> <span class='ocrx_word' id='word_1_170' title='bbox 476 2161 635 2235; x_wconf 83' lang='lat' dir='ltr'><strong>&#39;quod</strong></span> <span class='ocrx_word' id='word_1_171' title='bbox 684 2172 921 2231; x_wconf 80' lang='lat' dir='ltr'><strong>propter</strong></span> <span class='ocrx_word' id='word_1_172' title='bbox 951 2176 1080 2215; x_wconf 81' lang='lat' dir='ltr'><strong>suos</strong></span> <span class='ocrx_word' id='word_1_173' title='bbox 1108 2176 1143 2215; x_wconf 85' lang='lat' dir='ltr'><strong>a</strong></span> <span class='ocrx_word' id='word_1_174' title='bbox 1172 2170 1374 2219; x_wconf 81' lang='lat' dir='ltr'><strong>nostro</strong></span> <span class='ocrx_word' id='word_1_175' title='bbox 1415 2162 1680 2233; x_wconf 81' lang='lat' dir='ltr'><strong>praesidio</strong></span> <span class='ocrx_word' id='word_1_176' title='bbox 1712 2160 1914 2219; x_wconf 76' lang='lat' dir='ltr'><strong>fuisset</strong></span> <span class='ocrx_word' id='word_1_177' title='bbox 1942 2178 2096 2219; x_wconf 53' lang='lat' dir='ltr'><strong>con.</strong></span> 
     </span>
     <span class='ocr_line' id='line_1_24' title="bbox 248 2238 2084 2311; baseline -0.001 -18"><span class='ocrx_word' id='word_1_178' title='bbox 248 2252 477 2310; x_wconf 80' lang='lat' dir='ltr'><strong>spectus</strong></span> <span class='ocrx_word' id='word_1_179' title='bbox 505 2277 526 2309; x_wconf 90' lang='lat'>‚</span> <span class='ocrx_word' id='word_1_180' title='bbox 574 2239 843 2295; x_wconf 75' lang='lat' dir='ltr'><strong>celeriter</strong></span> <span class='ocrx_word' id='word_1_181' title='bbox 885 2238 1167 2299; x_wconf 81' lang='lat' dir='ltr'><strong>munitum</strong></span> <span class='ocrx_word' id='word_1_182' title='bbox 1216 2238 1408 2297; x_wconf 87' lang='lat' dir='ltr'><strong>locum</strong></span> <span class='ocrx_word' id='word_1_183' title='bbox 1450 2252 1658 2293; x_wconf 85' lang='lat' dir='ltr'><strong>natura</strong></span> <span class='ocrx_word' id='word_1_184' title='bbox 1704 2252 1957 2311; x_wconf 80' lang='lat' dir='ltr'><strong>ceperat-</strong></span> <span class='ocrx_word' id='word_1_185' title='bbox 1987 2240 2084 2295; x_wconf 77' lang='lat' dir='ltr'><strong>si..</strong></span> 
     </span>
     <span class='ocr_line' id='line_1_25' title="bbox 251 2312 2084 2390; baseline 0.003 -19"><span class='ocrx_word' id='word_1_186' title='bbox 251 2315 315 2371; x_wconf 87' lang='lat' dir='ltr'><strong>bi</strong></span> <span class='ocrx_word' id='word_1_187' title='bbox 356 2316 673 2390; x_wconf 68' lang='lat' dir='ltr'><strong>Pompeius</strong></span> <span class='ocrx_word' id='word_1_188' title='bbox 702 2357 723 2386; x_wconf 93' lang='lat'><strong>,</strong></span> <span class='ocrx_word' id='word_1_189' title='bbox 772 2331 942 2387; x_wconf 88' lang='lat' dir='ltr'><strong>quem</strong></span> <span class='ocrx_word' id='word_1_190' title='bbox 1010 2316 1109 2370; x_wconf 83' lang='lat' dir='ltr'><strong>vix</strong></span> <span class='ocrx_word' id='word_1_191' title='bbox 1161 2330 1369 2383; x_wconf 75' lang='lat' dir='ltr'><strong>magna</strong></span> <span class='ocrx_word' id='word_1_192' title='bbox 1425 2312 1800 2377; x_wconf 78' lang='lat' dir='ltr'><strong>multitudiue</strong></span> <span class='ocrx_word' id='word_1_193' title='bbox 1849 2316 2084 2376; x_wconf 83' lang='lat' dir='ltr'><strong>deducti</strong></span> 
     </span>
     <span class='ocr_line' id='line_1_26' title="bbox 249 2392 2088 2469; baseline 0.001 -19"><span class='ocrx_word' id='word_1_194' title='bbox 249 2393 517 2453; x_wconf 73' lang='lat' dir='ltr'><strong>homines</strong></span> <span class='ocrx_word' id='word_1_195' title='bbox 560 2412 631 2451; x_wconf 85' lang='lat' dir='ltr'><strong>ex</strong></span> <span class='ocrx_word' id='word_1_196' title='bbox 676 2394 974 2466; x_wconf 81' lang='lat' dir='ltr'><strong>superiore</strong></span> <span class='ocrx_word' id='word_1_197' title='bbox 1016 2396 1147 2449; x_wconf 86' lang='lat' dir='ltr'><strong>looo</strong></span> <span class='ocrx_word' id='word_1_198' title='bbox 1174 2392 1487 2449; x_wconf 79' lang='lat' dir='ltr'><strong>defendere</strong></span> <span class='ocrx_word' id='word_1_199' title='bbox 1527 2406 1777 2469; x_wconf 77' lang='lat' dir='ltr'><strong>possent.</strong></span> <span class='ocrx_word' id='word_1_200' title='bbox 1827 2393 2088 2455; x_wconf 69' lang='lat' dir='ltr'><strong>subeun-</strong></span> 
     </span>
     <span class='ocr_line' id='line_1_27' title="bbox 248 2468 2084 2550; baseline -0.002 -22"><span class='ocrx_word' id='word_1_201' title='bbox 248 2482 339 2529; x_wconf 80' lang='lat' dir='ltr'><strong>tes</strong></span> <span class='ocrx_word' id='word_1_202' title='bbox 386 2474 449 2529; x_wconf 87' lang='lat' dir='ltr'><strong>in</strong></span> <span class='ocrx_word' id='word_1_203' title='bbox 480 2474 731 2530; x_wconf 85' lang='lat' dir='ltr'><strong>adventu</strong></span> <span class='ocrx_word' id='word_1_204' title='bbox 762 2468 947 2529; x_wconf 80' lang='lat' dir='ltr'><strong>nostri</strong></span> <span class='ocrx_word' id='word_1_205' title='bbox 989 2472 1352 2543; x_wconf 80' lang='lat' dir='ltr'><strong>depelluntur</strong></span> <span class='ocrx_word' id='word_1_206' title='bbox 1391 2471 1546 2534; x_wconf 81' lang='lat' dir='ltr'><strong>tellis</strong></span> <span class='ocrx_word' id='word_1_207' title='bbox 1575 2492 1592 2531; x_wconf 69' lang='grc' dir='ltr'><em>ε</em></span> <span class='ocrx_word' id='word_1_208' title='bbox 1639 2474 1846 2550; x_wconf 83' lang='lat' dir='ltr'><strong>quibus</strong></span> <span class='ocrx_word' id='word_1_209' title='bbox 1874 2476 2084 2535; x_wconf 75' lang='lat' dir='ltr'><strong>ceden-</strong></span> 
     </span>
     <span class='ocr_line' id='line_1_28' title="bbox 250 2550 2162 2627; baseline 0.001 -19"><span class='ocrx_word' id='word_1_210' title='bbox 250 2550 405 2609; x_wconf 81' lang='lat' dir='ltr'><strong>tibus</strong></span> <span class='ocrx_word' id='word_1_211' title='bbox 428 2592 451 2625; x_wconf 87' lang='lat'><strong>,</strong></span> <span class='ocrx_word' id='word_1_212' title='bbox 496 2553 759 2627; x_wconf 87' lang='lat' dir='ltr'><strong>cupidius</strong></span> <span class='ocrx_word' id='word_1_213' title='bbox 788 2552 1231 2625; x_wconf 75' lang='lat' dir='ltr'><strong>insequebantur</strong></span> <span class='ocrx_word' id='word_1_214' title='bbox 1269 2552 1594 2611; x_wconf 76' lang='lat' dir='ltr'><strong>adversarii</strong></span> <span class='ocrx_word' id='word_1_215' title='bbox 1624 2593 1645 2625; x_wconf 89' lang='lat'>,</span> <span class='ocrx_word' id='word_1_216' title='bbox 1681 2566 1742 2609; x_wconf 91' lang='lat' dir='ltr'><strong>et</strong></span> <span class='ocrx_word' id='word_1_217' title='bbox 1773 2553 2085 2613; x_wconf 73' lang='lat' dir='ltr'><strong>confestim</strong></span> <span class='ocrx_word' id='word_1_218' title='bbox 2156 2600 2162 2609; x_wconf 88' lang='lat'><strong>.</strong></span> 
     </span>
     <span class='ocr_line' id='line_1_29' title="bbox 250 2630 2086 2703; baseline 0.001 -16"><span class='ocrx_word' id='word_1_219' title='bbox 250 2632 559 2689; x_wconf 81' lang='lat' dir='ltr'><strong>tardabant</strong></span> <span class='ocrx_word' id='word_1_220' title='bbox 605 2633 679 2689; x_wconf 88' lang='lat' dir='ltr'><strong>ab</strong></span> <span class='ocrx_word' id='word_1_221' title='bbox 723 2647 973 2689; x_wconf 80' lang='lat' dir='ltr'><strong>accessu.</strong></span> <span class='ocrx_word' id='word_1_222' title='bbox 1020 2632 1149 2687; x_wconf 88' lang='lat' dir='ltr'><strong>Hoc</strong></span> <span class='ocrx_word' id='word_1_223' title='bbox 1198 2633 1402 2703; x_wconf 78' lang='lat' dir='ltr'><strong>saepius</strong></span> <span class='ocrx_word' id='word_1_224' title='bbox 1448 2630 1608 2689; x_wconf 82' lang='lat' dir='ltr'><strong>facto</strong></span> <span class='ocrx_word' id='word_1_225' title='bbox 1635 2670 1656 2700; x_wconf 81' lang='grc'><em>,</em></span> <span class='ocrx_word' id='word_1_226' title='bbox 1704 2633 2086 2692; x_wconf 79' lang='lat' dir='ltr'><strong>animadver-</strong></span> 
     </span>
     <span class='ocr_line' id='line_1_30' title="bbox 252 2707 2108 2784; baseline 0.002 -18"><span class='ocrx_word' id='word_1_227' title='bbox 252 2711 477 2767; x_wconf 87' lang='lat' dir='ltr'><strong>tebatur</strong></span> <span class='ocrx_word' id='word_1_228' title='bbox 522 2722 721 2768; x_wconf 84' lang='lat' dir='ltr'><strong>nostro</strong></span> <span class='ocrx_word' id='word_1_229' title='bbox 753 2727 961 2784; x_wconf 86' lang='lat' dir='ltr'><strong>magno</strong></span> <span class='ocrx_word' id='word_1_230' title='bbox 996 2710 1055 2768; x_wconf 87' lang='lat' dir='ltr'><strong>id</strong></span> <span class='ocrx_word' id='word_1_231' title='bbox 1100 2707 1229 2765; x_wconf 81' lang='lat' dir='ltr'><strong>fieri</strong></span> <span class='ocrx_word' id='word_1_232' title='bbox 1277 2712 1558 2783; x_wconf 62' lang='lat' dir='ltr'><strong>periculo.</strong></span> <span class='ocrx_word' id='word_1_233' title='bbox 1605 2708 1804 2784; x_wconf 85' lang='lat' dir='ltr'><strong>Opere</strong></span> <span class='ocrx_word' id='word_1_234' title='bbox 1832 2712 2108 2769; x_wconf 76' lang='lat' dir='ltr'><strong>circum-.</strong></span> 
     </span>
     <span class='ocr_line' id='line_1_31' title="bbox 251 2787 2083 2862; baseline 0.001 -16"><span class='ocrx_word' id='word_1_235' title='bbox 251 2791 471 2847; x_wconf 86' lang='lat' dir='ltr'><strong>munire</strong></span> <span class='ocrx_word' id='word_1_236' title='bbox 520 2790 821 2846; x_wconf 83' lang='lat' dir='ltr'><strong>instituit:</strong></span> <span class='ocrx_word' id='word_1_237' title='bbox 872 2790 1001 2861; x_wconf 83' lang='lat' dir='ltr'><strong>pari</strong></span> <span class='ocrx_word' id='word_1_238' title='bbox 1052 2802 1245 2845; x_wconf 76' lang='lat' dir='ltr'><strong>autem</strong></span> <span class='ocrx_word' id='word_1_239' title='bbox 1272 2828 1296 2862; x_wconf 89' lang='lat'><em>‚</em></span> <span class='ocrx_word' id='word_1_240' title='bbox 1344 2800 1405 2853; x_wconf 84' lang='lat' dir='ltr'><strong>et</strong></span> <span class='ocrx_word' id='word_1_241' title='bbox 1461 2789 1644 2860; x_wconf 63' lang='lat' dir='ltr'><strong>celeri</strong></span> <span class='ocrx_word' id='word_1_242' title='bbox 1701 2787 2083 2853; x_wconf 72' lang='lat' dir='ltr'><strong>festinatione</strong></span> 
     </span>
     <span class='ocr_line' id='line_1_32' title="bbox 250 2865 2081 2945; baseline 0.001 -18"><span class='ocrx_word' id='word_1_243' title='bbox 250 2870 464 2927; x_wconf 86' lang='lat' dir='ltr'><strong>circum</strong></span> <span class='ocrx_word' id='word_1_244' title='bbox 504 2869 857 2925; x_wconf 84' lang='lat' dir='ltr'><strong>munitiones</strong></span> <span class='ocrx_word' id='word_1_245' title='bbox 908 2868 969 2923; x_wconf 89' lang='lat' dir='ltr'><strong>in</strong></span> <span class='ocrx_word' id='word_1_246' title='bbox 1038 2865 1173 2941; x_wconf 77' lang='lat' dir='ltr'><strong>jugo</strong></span> <span class='ocrx_word' id='word_1_247' title='bbox 1219 2867 1486 2945; x_wconf 79' lang='lat' dir='ltr'><strong>dirigunt</strong></span> <span class='ocrx_word' id='word_1_248' title='bbox 1513 2908 1534 2941; x_wconf 89' lang='lat'>,</span> <span class='ocrx_word' id='word_1_249' title='bbox 1577 2881 1648 2935; x_wconf 70' lang='lat' dir='ltr'><strong>,ut</strong></span> <span class='ocrx_word' id='word_1_250' title='bbox 1716 2886 1876 2944; x_wconf 72' lang='lat' dir='ltr'><strong>equo</strong></span> <span class='ocrx_word' id='word_1_251' title='bbox 1936 2871 2081 2945; x_wconf 83' lang='lat' dir='ltr'><strong>pede</strong></span> 
     </span>
     <span class='ocr_line' id='line_1_33' title="bbox 252 2944 2076 3023; baseline -0.001 -19"><span class='ocrx_word' id='word_1_252' title='bbox 252 2966 377 3005; x_wconf 86' lang='lat' dir='ltr'><strong>cum</strong></span> <span class='ocrx_word' id='word_1_253' title='bbox 419 2947 767 3006; x_wconf 82' lang='lat' dir='ltr'><strong>adversariis</strong></span> <span class='ocrx_word' id='word_1_254' title='bbox 816 2947 1093 3021; x_wconf 83' lang='lat' dir='ltr'><strong>congredi</strong></span> <span class='ocrx_word' id='word_1_255' title='bbox 1147 2958 1398 3018; x_wconf 86' lang='lat' dir='ltr'><strong>possent.</strong></span> <span class='ocrx_word' id='word_1_256' title='bbox 1460 2944 1516 3003; x_wconf 89' lang='lat' dir='ltr'>A</span> <span class='ocrx_word' id='word_1_257' title='bbox 1542 2948 1746 3023; x_wconf 81' lang='lat' dir='ltr'><strong>quibus</strong></span> <span class='ocrx_word' id='word_1_258' title='bbox 1775 2966 1906 3007; x_wconf 88' lang='lat' dir='ltr'><strong>cum</strong></span> <span class='ocrx_word' id='word_1_259' title='bbox 1934 2949 2076 3009; x_wconf 72' lang='lat' dir='ltr'><strong>ani..</strong></span> 
     </span>
     <span class='ocr_line' id='line_1_34' title="bbox 254 3022 2198 3115; baseline 0.002 -30"><span class='ocrx_word' id='word_1_260' title='bbox 254 3029 609 3087; x_wconf 83' lang='lat' dir='ltr'><strong>madversum</strong></span> <span class='ocrx_word' id='word_1_261' title='bbox 636 3037 789 3087; x_wconf 81' lang='lat' dir='ltr'><strong>esset</strong></span> <span class='ocrx_word' id='word_1_262' title='bbox 809 3065 830 3100; x_wconf 84' lang='lat'>‚</span> <span class='ocrx_word' id='word_1_263' title='bbox 877 3023 1013 3099; x_wconf 84' lang='lat' dir='ltr'><strong>fuga</strong></span> <span class='ocrx_word' id='word_1_264' title='bbox 1052 3022 1165 3083; x_wconf 86' lang='lat' dir='ltr'><strong>sibi</strong></span> <span class='ocrx_word' id='word_1_265' title='bbox 1211 3026 1536 3098; x_wconf 76' lang='lat' dir='ltr'><strong>praesidium</strong></span> <span class='ocrx_word' id='word_1_266' title='bbox 1583 3030 1839 3105; x_wconf 83' lang='lat' dir='ltr'><strong>capiunt.</strong></span> <span class='ocrx_word' id='word_1_267' title='bbox 1887 3030 2074 3089; x_wconf 78' lang='lat' dir='ltr'><strong>Pom·</strong></span> <span class='ocrx_word' id='word_1_268' title='bbox 2117 3054 2198 3115; x_wconf 77' lang='lat'><strong>39</strong></span> 
     </span>
     <span class='ocr_line' id='line_1_35' title="bbox 254 3104 2084 3182; baseline 0.003 -19"><span class='ocrx_word' id='word_1_269' title='bbox 254 3108 403 3181; x_wconf 77' lang='lat' dir='ltr'><strong>pejus</strong></span> <span class='ocrx_word' id='word_1_270' title='bbox 428 3148 447 3181; x_wconf 88' lang='lat'><strong>,</strong></span> <span class='ocrx_word' id='word_1_271' title='bbox 494 3121 559 3164; x_wconf 86' lang='lat' dir='ltr'><strong>ut</strong></span> <span class='ocrx_word' id='word_1_272' title='bbox 618 3122 791 3181; x_wconf 86' lang='lat' dir='ltr'><strong>supra</strong></span> <span class='ocrx_word' id='word_1_273' title='bbox 836 3104 1404 3178; x_wconf 84' lang='lat' dir='ltr'><strong>demonstravimus,</strong></span> <span class='ocrx_word' id='word_1_274' title='bbox 1431 3108 1654 3167; x_wconf 83' lang='lat' dir='ltr'><strong>saucius</strong></span> <span class='ocrx_word' id='word_1_275' title='bbox 1673 3148 1696 3182; x_wconf 88' lang='lat'>,</span> <span class='ocrx_word' id='word_1_276' title='bbox 1743 3122 1805 3165; x_wconf 91' lang='lat' dir='ltr'><strong>et</strong></span> <span class='ocrx_word' id='word_1_277' title='bbox 1858 3109 2084 3173; x_wconf 80' lang='lat' dir='ltr'><strong>intorto</strong></span> 
     </span>
     <span class='ocr_line' id='line_1_36' title="bbox 256 3182 2086 3265; baseline 0.004 -24"><span class='ocrx_word' id='word_1_278' title='bbox 256 3188 373 3241; x_wconf 79' lang='lat' dir='ltr'><strong>talo</strong></span> <span class='ocrx_word' id='word_1_279' title='bbox 403 3226 424 3257; x_wconf 85' lang='lat'>,</span> <span class='ocrx_word' id='word_1_280' title='bbox 480 3186 703 3245; x_wconf 88' lang='lat' dir='ltr'><strong>idcirco</strong></span> <span class='ocrx_word' id='word_1_281' title='bbox 758 3182 1095 3242; x_wconf 85' lang='lat' dir='ltr'><strong>tardabatur</strong></span> <span class='ocrx_word' id='word_1_282' title='bbox 1139 3185 1211 3243; x_wconf 88' lang='lat' dir='ltr'><strong>ad</strong></span> <span class='ocrx_word' id='word_1_283' title='bbox 1252 3185 1621 3261; x_wconf 82' lang='lat' dir='ltr'><strong>fugiendum:</strong></span> <span class='ocrx_word' id='word_1_284' title='bbox 1652 3188 1909 3262; x_wconf 85' lang='lat' dir='ltr'><strong>itemque</strong></span> <span class='ocrx_word' id='word_1_285' title='bbox 1938 3208 2086 3265; x_wconf 86' lang='lat' dir='ltr'><strong>pro-</strong></span> 
     </span>
     <span class='ocr_line' id='line_1_37' title="bbox 262 3264 2086 3343; baseline 0.003 -25"><span class='ocrx_word' id='word_1_286' title='bbox 262 3276 385 3337; x_wconf 82' lang='lat' dir='ltr'><strong>pter</strong></span> <span class='ocrx_word' id='word_1_287' title='bbox 427 3266 543 3323; x_wconf 86' lang='lat' dir='ltr'><strong>loci</strong></span> <span class='ocrx_word' id='word_1_288' title='bbox 570 3264 977 3330; x_wconf 79' lang='lat' dir='ltr'><strong>difficultatem</strong></span> <span class='ocrx_word' id='word_1_289' title='bbox 996 3300 1020 3337; x_wconf 92' lang='lat'><strong>-,</strong></span> <span class='ocrx_word' id='word_1_290' title='bbox 1047 3282 1229 3339; x_wconf 86' lang='lat' dir='ltr'><strong>neque</strong></span> <span class='ocrx_word' id='word_1_291' title='bbox 1260 3281 1408 3338; x_wconf 86' lang='lat' dir='ltr'><strong>equo</strong></span> <span class='ocrx_word' id='word_1_292' title='bbox 1431 3305 1455 3338; x_wconf 91' lang='lat'><strong>,</strong></span> <span class='ocrx_word' id='word_1_293' title='bbox 1483 3284 1666 3341; x_wconf 84' lang='lat' dir='ltr'><strong>neque</strong></span> <span class='ocrx_word' id='word_1_294' title='bbox 1693 3268 1960 3325; x_wconf 75' lang='lat' dir='ltr'><strong>vehiculo</strong></span> <span class='ocrx_word' id='word_1_295' title='bbox 1987 3288 2086 3343; x_wconf 75' lang='lat' dir='ltr'><strong>sa..</strong></span> 
     </span>
    </p>
   </div>
   <div class='ocr_carea' id='block_1_10' title="bbox 264 3341 2084 3423">
    <p class='ocr_par' dir='ltr' id='par_1_10' title="bbox 264 3341 2084 3423">
     <span class='ocr_line' id='line_1_38' title="bbox 264 3341 2084 3423; baseline 0.011 -25"><span class='ocrx_word' id='word_1_296' title='bbox 264 3341 367 3401; x_wconf 85' lang='lat' dir='ltr'><strong>luti</strong></span> <span class='ocrx_word' id='word_1_297' title='bbox 408 3358 517 3403; x_wconf 74' lang='lat' dir='ltr'><strong>suae</strong></span> <span class='ocrx_word' id='word_1_298' title='bbox 566 3344 893 3422; x_wconf 77' lang='lat' dir='ltr'><strong>praesidium</strong></span> <span class='ocrx_word' id='word_1_299' title='bbox 950 3360 1159 3421; x_wconf 82' lang='lat' dir='ltr'><strong>parate</strong></span> <span class='ocrx_word' id='word_1_300' title='bbox 1208 3356 1464 3423; x_wconf 76' lang='lat' dir='ltr'><strong>poterat.</strong></span> <span class='ocrx_word' id='word_1_301' title='bbox 1489 3404 1496 3411; x_wconf 87' lang='lat'><strong>.</strong></span> <span class='ocrx_word' id='word_1_302' title='bbox 1519 3344 1724 3415; x_wconf 67' lang='lat' dir='ltr'><strong>caedes</strong></span> <span class='ocrx_word' id='word_1_303' title='bbox 1773 3364 1812 3409; x_wconf 79' lang='lat' dir='ltr'><strong>a</strong></span> <span class='ocrx_word' id='word_1_304' title='bbox 1867 3354 2084 3417; x_wconf 78' lang='lat' dir='ltr'><strong>nostris</strong></span> 
     </span>
    </p>
   </div>
  </div>
 </body>
</html>
