2459 3834
292 17 307 45 .-
340 19 393 23 ”’“
426 17 490 70 ιῗ’”
534 17 555 21 “”

735 108 739 115 ·
823 109 976 166 ιιΒ.
1028 113 1104 164 A.
1157 101 1431 165 mai-11.
1579 105 1583 109 ’
1874 95 2021 198 51'3

210 191 394 252 eciem
446 187 680 250 direxit.
728 189 1067 266 Collpocabat
1114 191 1176 246 in
1215 191 1410 248 fronte
1446 207 1611 268 suas,
1648 204 1711 252 et
1750 195 1790 270 J
1794 197 1908 257 ubae
1939 207 2030 259 le-

213 275 454 348 giones3
496 287 690 347 postea
737 285 930 342 autem
969 269 1252 326 Numidas
1293 273 1364 340 in
1394 273 1736 332 subsidiaria
1765 279 1888 335 acie
1932 281 2024 338 ita.

213 365 578 423 extenuatos,
607 364 667 406 et
696 351 760 405 in
787 350 1204 425 longitudinem
1236 351 1524 427 directos,
1551 365 1613 408 ut
1648 361 1841 427 procul
1872 359 2031 415 sim..

215 437 343 506 plex
370 449 492 488 esse
521 432 676 494 acies
713 431 903 497 media
943 447 978 486 a
1017 430 1351 504 legionariis
1387 433 1670 488 militibus
1711 436 2032 496 videreturz

216 512 274 566 in
300 510 566 568 cornibus
600 520 790 566 autem
840 509 1050 582 duplex
1075 526 1196 565 esse
1226 510 1682 578 existimabatur.
1726 514 2034 588 Elephanae

218 601 306 646 tos
357 593 562 647 dextro
583 628 604 661 ,
637 589 983 661 sinistroque
1030 603 1206 644 cornu
1254 591 1680 663 collocaverat,
1720 595 2032 668 aequalibus

215 667 368 725 inter
407 687 505 725 eos
533 669 856 724 intervallis
898 667 1237 742 interjecti&
1281 665 1418 727 Post
1449 682 1643 728 autem
1674 673 2035 746 elephantos,

216 761 538 805 armaturas
594 751 748 806 leves
777 785 797 818 ,
847 737 1243 820 Numidasque
1278 747 1655 806 substituerat
1700 753 2035 810 auxiliares.

153 892 161 901 ,
217 826 556 901 Equitatum'
604 826 900 882 fraenatum
943 828 1268 882 universum
1322 827 1383 881 in
1434 844 1545 891 suo,
1602 829 1807 886 dextro
1852 847 2037 888 cornu
2111 851 2118 858 ·

219 907 613 980 disposuerat:
655 905 950 963 sinistrum
996 906 1150 960 enim
1194 921 1380 966 cornu.
1416 907 1627 980 oppido
1668 908 1843 967 Uzita
1872 914 2031 966 clau-

221 987 459 1042 debatur
479 1025 499 1056 ,
530 1002 707 1060 neque
747 998 871 1039 erat
899 985 1146 1056 spatium
1187 984 1475 1058 equitatus
1506 987 1850 1058 explicandi.
1876 989 2037 1045 Pro-

223 1079 420 1140 pterea
467 1063 786 1135 Numidas,
813 1066 1068 1136 levisque
1096 1077 1395 1131 armaturae
1426 1063 1712 1122 infinitam
1760 1067 2041 1123 multitu-

225 1145 417 1200 dinem
454 1146 527 1200 ad
575 1146 837 1198 dextram
881 1157 1102 1214 partem
1133 1159 1243 1198 suae
1278 1145 1426 1199 aciei
1476 1157 1865 1219 opposuerat,
1912 1143 2039 1202 fere

226 1222 528 1298 interjecto
573 1240 683 1279 non
735 1222 920 1292 minus
967 1241 1034 1278 M.
1078 1223 1339 1294 'passuum
1385 1225 1616 1298 spatio,
1660 1237 1719 1280 et
1754 1225 1825 1280 ad
1871 1225 2041 1282 collis

227 1304 449 1358 radices
489 1303 671 1376 magis
713 1304 1054 1374 appulerat]
1090 1303 1426 1378 longiusque
1454 1303 1526 1359 ab
1556 1304 2045 1376 adversariorum,

229 1384 455 1459 suisque
505 1380 688 1460 copiis
733 1394 1114 1452 promoverat.
1157 1379 1222 1434 Id
1269 1380 1379 1436 hoc
1428 1382 1713 1454 consilio,
1761 1394 1867 1456 ut,
1912 1400 2044 1438 cum

229 1463 382 1517 acies
409 1477 499 1516 11.
531 1461 682 1515 inter
704 1475 763 1515 sc
794 1461 1216 1516 concurrissent
1247 1460 1419 1517 initio
1446 1462 1785 1536 certaminis
1806 1500 1827 1533 ,
1857 1464 2049 1536 paullo

215 1531 450 1614 *longius
479 1539 597 1614 ejus
634 1539 918 1612 equitatus
958 1539 1375 1606 circumvectus
1395 1578 1418 1610 ,
1436 1557 1506 1594 ex
1538 1541 1852 1614 improviso
1871 1543 2041 1601 clau-

233 1620 396 1675 deret
436 1619 801 1675 multitudine
841 1635 939 1673 sua
987 1618 1303 1674 exercitum
1347 1615 1591 1679 Caesaris
1616 1660 1636 1693 ,
1687 1633 1873 1696 atque·
1904 1635 2047 1694 per·
2078 1617 2090 1629 '

235 1699 524 1765 turbatum
553 1698 753 1772 jaculis
792 1695 1124 1771 configeret.
1159 1697 1295 1752 Haec
1334 1697 1445 1753 fuit
1476 1699 1630 1756 ratio
1660 1697 1951 1772 Scipionis
1976 1715 2045 1756 ea
2084 1717 2165 1776 60

233 1779 329 1834 die
363 1778 676 1850 praeliandi.
727 1775 967 1832 Caesaris
1014 1789 1204 1832 autem
1236 1777 1391 1832 acies
1416 1776 1527 1832 hoc
1557 1779 1726 1834 modo
1765 1779 1877 1834 fuit
1916 1778 2047 1836 col-

241 1860 479 1913 locata:
521 1869 584 1912 ut
625 1856 696 1912 ab
731 1855 967 1911 sinistro
1009 1855 1124 1930 ejus
1171 1873 1349 1916 cornu
1388 1856 1581 1930 ordiar
1610 1896 1631 1929 ,
1674 1869 1735 1912 et
1786 1856 1855 1912 ad
1898 1859 2051 1916 dex-

247 1947 400 1991 trum
421 1937 786 2008 perveniam.
829 1934 1042 1990 Habuit
1075 1935 1138 1989 in
1168 1935 1407 2010 sinistro
1436 1951 1611 1992 cornu
1640 1937 1924 2011 legionem
1948 1955 2055 2012 xx„
2084 1955 2090 1960 ·

249 2017 485 2089 v11.5in
534 2017 737 2072 dextro
783 2030 956 2070 cornu
1006 2031 1136 2070 xxx.
1181 2011 1777 2088 xxtx.;x111.,.x1v.‚
1824 2033 2055 2088 κιναι,

246 2111 399 2151 xxvi.
440 2098 509 2150 in*
548 2095 738 2150 media
782 2095 925 2149 acie.
967 2093 1156 2167 Ipsum
1187 2110 1379 2149 autem
1416 2094 1682 2152 dextrum
1716 2111 1934 2167 cornu,
1962 2089 2062 2151 sei

171 2237 177 2242 q
245 2175 492 2230 cundam
531 2175 714 2230 aciem
759 2172 880 2230 fere
907 2212 928 2244 ,
977 2173 1036 2227 in
1056 2191 1257 2234 ,earum
1300 2173 1785 2248 legionumbparte
1832 2175 2056 2231 cohor-

247 2254 392 2309 tium
421 2257 821 2310 collocaverat.
854 2252 1136 2307 Praeterea
1181 2270 1253 2308 cx
1290 2252 1540 2310 tironum
1568 2253 1887 2326 legionibus
1919 2269 2060 2324 pau·

181 2331 188 2338 ’
249 2347 345 2386 cas
378 2333 681 2406 adjecerat.
715 2331 974 2386 Tertiam
1027 2345 1217 2387 autem
1250 2332 1434 2386 aciem
1466 2331 1525 2388 in
1554 2327 1850 2390 sinistrum
1892 2347 2056 2386 suum

249 2425 426 2473 cornu
449 2417 792 2482 contulerat,
815 2424 872 2466 et
895 2407 1062 2484 usque
1083 2413 1153 2466 ad
1184 2411 1332 2466 aciei
1362 2427 1470 2467 suae
1494 2409 1741 2470 mediam
1770 2411 2060 2485 legionem
2142 2445 2145 2448 -

250 2502 608 2563 porrexerat:
643 2504 702 2546 et
730 2493 813 2558 ita
844 2494 1257 2562 collocaverat,
1288 2490 1370 2546 uti
1400 2491 1691 2548 sinistrum
1723 2507 1879 2546 suum
1912 2507 2079 2544 εστι
2122 2507 2129 2512 ’

249 2587 324 2625 nu
358 2573 566 2646 triplex
593 2584 758 2638 esset.
797 2572 862 2626 Id
891 2586 960 2626 eo
987 2571 1226 2626 consilio
1251 2563 1501 2643 fecerat,
1538 2569 1689 2646 quod
1718 2563 1877 2629 suum
1904 2568 2064 2625 dex-

251 2659 404 2704 trum
435 2652 582 2705 latus
613 2651 1018 2708 munitionibus
1060 2649 1430 2723 adjuvabatur
1453 2669 1475 2720 r,
1501 2653 1801 2716 sinistrum
1842 2665 2064 2719 autem,

247 2741 314 2785 ut
353 2731 641 2802 equitatus
665 2731 912 2786 hostium
944 2731 1299 2789 multitudini
1322 2729 1597 2786 resistere
1644 2743 1831 2802 posset
1855 2767 1875 2798 ,
1901 2726 2065 2782 labo-

247 2809 432 2863 rabat.
491 2808 825 2884 Eodemque
880 2827 1039 2867 suum
1084 2826 1313 2868 omnem
1364 2813 1687 2866 contulerat
1727 2809 2073 2880 equitatum,

247 2902 353 2959 et,
393 2889 542 2962 quod
592 2891 646 2944 ei
691 2906 888 2962 parum
933 2887 1289 2960 confidebat,
1347 2887 1611 2961 praesidio
1652 2887 1744 2942 his
1784 2883 2074 2958 equitibus
2127 2910 2133 2916 ·

201 3023 206 3028 ,
241 2967 532 3042 ‘legionem
580 2986 636 3022 v.
692 2971 1096 3042 praemiserat,
1159 2971 1457 3041 levemque
1515 2979 1879 3029 armaturam
1913 2963 2072 3021 inter
2101 2985 2115 2994 =

237 3047 474 3119 ,equites
503 3048 944 3122 interposuerat.
979 3049 1327 3122 Sagittarius
1348 3048 1533 3118 varie,
1559 3046 1912 3120 passimque,
1925 3041 2071 3098 locis

251 3127 471 3197 certis,
511 3128 870 3202 maximeque
910 3130 971 3183 in
1013 3129 1282 3186 cornibus
1324 3128 1727 3189 collocaverat.
1761 3123 1860 3178 Sic
1897 3125 2190 3198 utro-'61

250 3219 488 3278 rumque
517 3209 800 3265 exercitus
826 3209 1128 3280 instructi,
1158 3225 1271 3264 non
1298 3209 1419 3279 plus
1454 3222 1717 3282 passuum
1741 3219 1859 3259 ccc.
1894 3202 2083 3262 intere

210 3317 216 3325 -
247 3279 404 3357 jecto
433 3285 656 3362 spatio,
684 3289 833 3362 quod
864 3287 1020 3347 forte
1045 3300 1181 3345 ante
1208 3287 1284 3346 id.
1306 3297 1535 3360 tempus
1568 3283 1863 3343 acciderat
1904 3279 2082 3339 nuni·-

1436 3363 1533 3423 Kk
1567 3365 1619 3425 ι’
