<?xml version="1.0" encoding="UTF-8"?>
<!DOCTYPE html PUBLIC "-//W3C//DTD XHTML 1.0 Transitional//EN"
    "http://www.w3.org/TR/xhtml1/DTD/xhtml1-transitional.dtd">
<html xmlns="http://www.w3.org/1999/xhtml" xml:lang="en" lang="en">
 <head>
  <title>
</title>
<meta http-equiv="Content-Type" content="text/html;charset=utf-8" />
  <meta name='ocr-system' content='tesseract 3.04.00' />
  <meta name='ocr-capabilities' content='ocr_page ocr_carea ocr_par ocr_line ocrx_word'/>
</head>
<body>
  <div class='ocr_page' id='page_1' title='image "./cjuliicsariscom00lagogoog/cjuliicsariscom00lagogoog_0255.png"; bbox 0 0 2459 3834; ppageno 0'>
   <div class='ocr_carea' id='block_1_1' title="bbox 832 168 2048 249">
    <p class='ocr_par' dir='ltr' id='par_1_1' title="bbox 832 168 2048 249">
     <span class='ocr_line' id='line_1_1' title="bbox 832 168 2048 249; baseline 0.004 -24"><span class='ocrx_word' id='word_1_1' title='bbox 832 168 1183 225; x_wconf 66' lang='lat' dir='ltr'>mata</span> <span class='ocrx_word' id='word_1_2' title='bbox 1271 170 1440 223; x_wconf 85' lang='lat' dir='ltr'>vm.</span> <span class='ocrx_word' id='word_1_3' title='bbox 1896 174 2048 249; x_wconf 76' lang='lat'>245</span> 
     </span>
    </p>
   </div>
   <div class='ocr_carea' id='block_1_2' title="bbox 204 248 2162 3190">
    <p class='ocr_par' dir='ltr' id='par_1_2' title="bbox 204 248 2162 3190">
     <span class='ocr_line' id='line_1_2' title="bbox 223 248 2054 327; baseline -0.001 -18"><span class='ocrx_word' id='word_1_4' title='bbox 223 248 419 318; x_wconf 63' lang='lat' dir='ltr'>adeon</span> <span class='ocrx_word' id='word_1_5' title='bbox 436 250 859 327; x_wconf 74' lang='lat' dir='ltr'>‚persequendos</span> <span class='ocrx_word' id='word_1_6' title='bbox 890 252 1234 322; x_wconf 81' lang='lat' dir='ltr'>contendit,</span> <span class='ocrx_word' id='word_1_7' title='bbox 1283 268 1356 305; x_wconf 83' lang='lat' dir='ltr'>ne</span> <span class='ocrx_word' id='word_1_8' title='bbox 1416 248 1668 323; x_wconf 71' lang='grc' dir='ltr'>ιὶωοιτο,</span> <span class='ocrx_word' id='word_1_9' title='bbox 1711 262 1812 309; x_wconf 83' lang='lat' dir='ltr'>aut</span> <span class='ocrx_word' id='word_1_10' title='bbox 1864 256 2054 313; x_wconf 71' lang='lat' dir='ltr'>detti-</span> 
     </span>
     <span class='ocr_line' id='line_1_3' title="bbox 224 328 2042 407; baseline 0.001 -17"><span class='ocrx_word' id='word_1_11' title='bbox 224 347 411 391; x_wconf 79' lang='lat' dir='ltr'>mento</span> <span class='ocrx_word' id='word_1_12' title='bbox 451 333 755 405; x_wconf 41' lang='lat' dir='ltr'>&gt;provinciae</span> <span class='ocrx_word' id='word_1_13' title='bbox 801 348 1005 407; x_wconf 87' lang='lat' dir='ltr'>magna</span> <span class='ocrx_word' id='word_1_14' title='bbox 1055 328 1294 386; x_wconf 82' lang='lat' dir='ltr'>infamia</span> <span class='ocrx_word' id='word_1_15' title='bbox 1345 330 1702 403; x_wconf 82' lang='lat' dir='ltr'>perditorum</span> <span class='ocrx_word' id='word_1_16' title='bbox 1745 333 2042 392; x_wconf 86' lang='lat' dir='ltr'>hominum</span> 
     </span>
     <span class='ocr_line' id='line_1_4' title="bbox 216 406 2158 491; baseline 0.003 -24"><span class='ocrx_word' id='word_1_17' title='bbox 216 410 537 471; x_wconf 85' lang='lat' dir='ltr'>latrociniis</span> <span class='ocrx_word' id='word_1_18' title='bbox 566 426 883 485; x_wconf 82' lang='lat' dir='ltr'>caperetur.</span> <span class='ocrx_word' id='word_1_19' title='bbox 944 408 1016 467; x_wconf 92' lang='lat' dir='ltr'>C.</span> <span class='ocrx_word' id='word_1_20' title='bbox 1066 406 1277 465; x_wconf 84' lang='lat' dir='ltr'>Fabius</span> <span class='ocrx_word' id='word_1_21' title='bbox 1333 425 1462 465; x_wconf 88' lang='lat' dir='ltr'>cum</span> <span class='ocrx_word' id='word_1_22' title='bbox 1513 412 1736 485; x_wconf 87' lang='lat' dir='ltr'>reliquo</span> <span class='ocrx_word' id='word_1_23' title='bbox 1781 415 2040 473; x_wconf 78' lang='lat' dir='ltr'>exercitu</span> <span class='ocrx_word' id='word_1_24' title='bbox 2085 428 2158 491; x_wconf 70' lang='lat'>38</span> 
     </span>
     <span class='ocr_line' id='line_1_5' title="bbox 212 486 2046 569; baseline 0.002 -22"><span class='ocrx_word' id='word_1_25' title='bbox 212 489 273 547; x_wconf 85' lang='lat' dir='ltr'>in</span> <span class='ocrx_word' id='word_1_26' title='bbox 303 488 625 563; x_wconf 82' lang='lat' dir='ltr'>Carnutes,</span> <span class='ocrx_word' id='word_1_27' title='bbox 685 492 1041 565; x_wconf 83' lang='lat' dir='ltr'>reliquasque</span> <span class='ocrx_word' id='word_1_28' title='bbox 1086 486 1473 565; x_wconf 80' lang='lat' dir='ltr'>proficiscitur</span> <span class='ocrx_word' id='word_1_29' title='bbox 1523 491 1795 547; x_wconf 80' lang='lat' dir='ltr'>civitates</span> <span class='ocrx_word' id='word_1_30' title='bbox 1823 532 1846 565; x_wconf 85' lang='lat'>,</span> <span class='ocrx_word' id='word_1_31' title='bbox 1894 513 2046 569; x_wconf 86' lang='lat' dir='ltr'>qua·-</span> 
     </span>
     <span class='ocr_line' id='line_1_6' title="bbox 211 566 2048 645; baseline 0.003 -20"><span class='ocrx_word' id='word_1_32' title='bbox 211 585 337 625; x_wconf 81' lang='lat' dir='ltr'>rum</span> <span class='ocrx_word' id='word_1_33' title='bbox 384 588 456 629; x_wconf 90' lang='lat' dir='ltr'>eo</span> <span class='ocrx_word' id='word_1_34' title='bbox 512 570 702 645; x_wconf 83' lang='lat' dir='ltr'>praelio</span> <span class='ocrx_word' id='word_1_35' title='bbox 730 608 753 640; x_wconf 89' lang='lat'>,</span> <span class='ocrx_word' id='word_1_36' title='bbox 803 571 953 645; x_wconf 83' lang='lat' dir='ltr'>quod</span> <span class='ocrx_word' id='word_1_37' title='bbox 1013 585 1141 625; x_wconf 90' lang='lat' dir='ltr'>cum</span> <span class='ocrx_word' id='word_1_38' title='bbox 1193 566 1494 625; x_wconf 85' lang='lat' dir='ltr'>Dumnaco</span> <span class='ocrx_word' id='word_1_39' title='bbox 1539 568 1798 642; x_wconf 78' lang='lat' dir='ltr'>fecerat,</span> <span class='ocrx_word' id='word_1_40' title='bbox 1846 576 2048 645; x_wconf 71' lang='lat' dir='ltr'>copias</span> 
     </span>
     <span class='ocr_line' id='line_1_7' title="bbox 211 644 2048 724; baseline 0.004 -19"><span class='ocrx_word' id='word_1_41' title='bbox 211 665 333 707; x_wconf 77' lang='lat' dir='ltr'>esse</span> <span class='ocrx_word' id='word_1_42' title='bbox 380 651 597 707; x_wconf 83' lang='lat' dir='ltr'>accitas</span> <span class='ocrx_word' id='word_1_43' title='bbox 639 650 876 706; x_wconf 78' lang='lat' dir='ltr'>sciebat.</span> <span class='ocrx_word' id='word_1_44' title='bbox 910 644 1047 705; x_wconf 91' lang='lat' dir='ltr'>Non</span> <span class='ocrx_word' id='word_1_45' title='bbox 1090 646 1246 704; x_wconf 88' lang='lat' dir='ltr'>enim</span> <span class='ocrx_word' id='word_1_46' title='bbox 1277 646 1618 719; x_wconf 81' lang='lat' dir='ltr'>dubitabat,</span> <span class='ocrx_word' id='word_1_47' title='bbox 1669 651 1805 724; x_wconf 88' lang='lat' dir='ltr'>quin</span> <span class='ocrx_word' id='word_1_48' title='bbox 1839 670 2048 717; x_wconf 70' lang='lat' dir='ltr'>recen·</span> 
     </span>
     <span class='ocr_line' id='line_1_8' title="bbox 213 723 2048 806; baseline -0.001 -21"><span class='ocrx_word' id='word_1_49' title='bbox 213 728 269 785; x_wconf 89' lang='lat' dir='ltr'>ti·</span> <span class='ocrx_word' id='word_1_50' title='bbox 292 732 620 785; x_wconf 83' lang='lat' dir='ltr'>calamitate</span> <span class='ocrx_word' id='word_1_51' title='bbox 652 723 1047 785; x_wconf 61' lang='lat' dir='ltr'>submissior-es</span> <span class='ocrx_word' id='word_1_52' title='bbox 1075 740 1264 783; x_wconf 89' lang='lat' dir='ltr'>essent</span> <span class='ocrx_word' id='word_1_53' title='bbox 1295 726 1495 798; x_wconf 67' lang='lat' dir='ltr'>futurae</span> <span class='ocrx_word' id='word_1_54' title='bbox 1520 744 1534 783; x_wconf 70' lang='grc' dir='ltr'><strong><em>ε</em></strong></span> <span class='ocrx_word' id='word_1_55' title='bbox 1568 726 1708 789; x_wconf 86' lang='lat' dir='ltr'>dato</span> <span class='ocrx_word' id='word_1_56' title='bbox 1739 748 1878 789; x_wconf 81' lang='lat' dir='ltr'>vero</span> <span class='ocrx_word' id='word_1_57' title='bbox 1901 750 2048 806; x_wconf 83' lang='lat' dir='ltr'>spa-</span> 
     </span>
     <span class='ocr_line' id='line_1_9' title="bbox 217 805 2042 884; baseline 0.005 -23"><span class='ocrx_word' id='word_1_58' title='bbox 217 806 342 879; x_wconf 85' lang='lat' dir='ltr'>tio,</span> <span class='ocrx_word' id='word_1_59' title='bbox 386 825 453 867; x_wconf 88' lang='lat' dir='ltr'>ac</span> <span class='ocrx_word' id='word_1_60' title='bbox 504 822 809 883; x_wconf 86' lang='lat' dir='ltr'>tempore,</span> <span class='ocrx_word' id='word_1_61' title='bbox 856 808 1055 865; x_wconf 85' lang='lat' dir='ltr'>eodem</span> <span class='ocrx_word' id='word_1_62' title='bbox 1116 808 1371 861; x_wconf 82' lang='lat' dir='ltr'>instante</span> <span class='ocrx_word' id='word_1_63' title='bbox 1412 805 1715 865; x_wconf 83' lang='lat' dir='ltr'><strong>Dumnaco</strong></span> <span class='ocrx_word' id='word_1_64' title='bbox 1747 848 1765 880; x_wconf 92' lang='lat'>,</span> <span class='ocrx_word' id='word_1_65' title='bbox 1813 827 2042 884; x_wconf 79' lang='lat' dir='ltr'>possent</span> 
     </span>
     <span class='ocr_line' id='line_1_10' title="bbox 215 880 2046 965; baseline 0.005 -24"><span class='ocrx_word' id='word_1_66' title='bbox 215 888 503 945; x_wconf 81' lang='lat' dir='ltr'>concitari.</span> <span class='ocrx_word' id='word_1_67' title='bbox 550 889 680 963; x_wconf 85' lang='lat' dir='ltr'>Qua</span> <span class='ocrx_word' id='word_1_68' title='bbox 728 890 789 943; x_wconf 90' lang='lat' dir='ltr'>in</span> <span class='ocrx_word' id='word_1_69' title='bbox 844 904 909 943; x_wconf 87' lang='lat' dir='ltr'>re</span> <span class='ocrx_word' id='word_1_70' title='bbox 958 903 1178 944; x_wconf 88' lang='lat' dir='ltr'>summa</span> <span class='ocrx_word' id='word_1_71' title='bbox 1230 880 1524 957; x_wconf 79' lang='lat' dir='ltr'>felicitas,</span> <span class='ocrx_word' id='word_1_72' title='bbox 1573 889 1948 965; x_wconf 74' lang='lat' dir='ltr'>celeritasque</span> <span class='ocrx_word' id='word_1_73' title='bbox 1983 894 2046 949; x_wconf 80' lang='lat' dir='ltr'>in</span> 
     </span>
     <span class='ocr_line' id='line_1_11' title="bbox 214 964 2045 1040; baseline 0.004 -19"><span class='ocrx_word' id='word_1_74' title='bbox 214 967 557 1039; x_wconf 76' lang='lat' dir='ltr'>recipiendis</span> <span class='ocrx_word' id='word_1_75' title='bbox 589 966 924 1025; x_wconf 84' lang='lat' dir='ltr'>civitatibus</span> <span class='ocrx_word' id='word_1_76' title='bbox 962 964 1206 1023; x_wconf 87' lang='lat' dir='ltr'>Fabium</span> <span class='ocrx_word' id='word_1_77' title='bbox 1252 967 1633 1040; x_wconf 79' lang='lat' dir='ltr'>consequitur.</span> <span class='ocrx_word' id='word_1_78' title='bbox 1691 966 1844 1025; x_wconf 86' lang='lat' dir='ltr'>Nam</span> <span class='ocrx_word' id='word_1_79' title='bbox 1883 970 2045 1031; x_wconf 88' lang='lat' dir='ltr'>Car-</span> 
     </span>
     <span class='ocr_line' id='line_1_12' title="bbox 212 1044 2044 1122; baseline 0.001 -23"><span class='ocrx_word' id='word_1_80' title='bbox 212 1048 543 1122; x_wconf 72' lang='lat' dir='ltr'>nute8,qui</span> <span class='ocrx_word' id='word_1_81' title='bbox 602 1066 749 1121; x_wconf 76' lang='lat' dir='ltr'>saepe</span> <span class='ocrx_word' id='word_1_82' title='bbox 806 1046 999 1103; x_wconf 79' lang='lat' dir='ltr'>vexati</span> <span class='ocrx_word' id='word_1_83' title='bbox 1050 1060 1336 1118; x_wconf 86' lang='lat' dir='ltr'>nunquam</span> <span class='ocrx_word' id='word_1_84' title='bbox 1381 1047 1537 1119; x_wconf 81' lang='lat' dir='ltr'>pacis</span> <span class='ocrx_word' id='word_1_85' title='bbox 1565 1044 1820 1103; x_wconf 82' lang='lat' dir='ltr'>fecerant</span> <span class='ocrx_word' id='word_1_86' title='bbox 1871 1066 2044 1109; x_wconf 79' lang='lat' dir='ltr'>men..</span> 
     </span>
     <span class='ocr_line' id='line_1_13' title="bbox 209 1124 2042 1200; baseline -0.001 -19"><span class='ocrx_word' id='word_1_87' title='bbox 209 1124 424 1183; x_wconf 84' lang='lat' dir='ltr'>tionem</span> <span class='ocrx_word' id='word_1_88' title='bbox 450 1166 471 1199; x_wconf 92' lang='lat'>,</span> <span class='ocrx_word' id='word_1_89' title='bbox 500 1128 654 1183; x_wconf 87' lang='lat' dir='ltr'>datis</span> <span class='ocrx_word' id='word_1_90' title='bbox 694 1126 984 1183; x_wconf 88' lang='lat' dir='ltr'>obsidibus</span> <span class='ocrx_word' id='word_1_91' title='bbox 1006 1166 1027 1198; x_wconf 90' lang='lat'>,</span> <span class='ocrx_word' id='word_1_92' title='bbox 1076 1126 1316 1181; x_wconf 83' lang='lat' dir='ltr'>veniunt</span> <span class='ocrx_word' id='word_1_93' title='bbox 1357 1125 1418 1179; x_wconf 90' lang='lat' dir='ltr'>in</span> <span class='ocrx_word' id='word_1_94' title='bbox 1465 1125 1864 1200; x_wconf 86' lang='lat' dir='ltr'>deditionem,</span> <span class='ocrx_word' id='word_1_95' title='bbox 1919 1146 2042 1185; x_wconf 69' lang='grc' dir='ltr'><strong>οε...</strong></span> 
     </span>
     <span class='ocr_line' id='line_1_14' title="bbox 210 1200 2047 1283; baseline 0.003 -23"><span class='ocrx_word' id='word_1_96' title='bbox 210 1214 457 1281; x_wconf 76' lang='lat' dir='ltr'>teraeqne</span> <span class='ocrx_word' id='word_1_97' title='bbox 494 1206 765 1263; x_wconf 84' lang='lat' dir='ltr'>civitates</span> <span class='ocrx_word' id='word_1_98' title='bbox 814 1207 1010 1283; x_wconf 71' lang='lat' dir='ltr'>positae</span> <span class='ocrx_word' id='word_1_99' title='bbox 1060 1204 1121 1259; x_wconf 84' lang='lat' dir='ltr'>in</span> <span class='ocrx_word' id='word_1_100' title='bbox 1180 1204 1400 1261; x_wconf 74' lang='lat' dir='ltr'>uItImis</span> <span class='ocrx_word' id='word_1_101' title='bbox 1427 1200 1630 1261; x_wconf 72' lang='lat' dir='ltr'>Galliae</span> <span class='ocrx_word' id='word_1_102' title='bbox 1663 1204 1909 1279; x_wconf 81' lang='lat' dir='ltr'>finibus,</span> <span class='ocrx_word' id='word_1_103' title='bbox 1945 1206 2047 1265; x_wconf 87' lang='lat'>0-</span> 
     </span>
     <span class='ocr_line' id='line_1_15' title="bbox 204 1282 2044 1360; baseline 0.001 -22"><span class='ocrx_word' id='word_1_104' title='bbox 204 1299 382 1343; x_wconf 82' lang='lat' dir='ltr'>ceano</span> <span class='ocrx_word' id='word_1_105' title='bbox 432 1285 743 1360; x_wconf 78' lang='lat' dir='ltr'>conjunctae</span> <span class='ocrx_word' id='word_1_106' title='bbox 775 1326 795 1357; x_wconf 97' lang='lat'>,</span> <span class='ocrx_word' id='word_1_107' title='bbox 840 1304 961 1360; x_wconf 82' lang='lat' dir='ltr'>quae</span> <span class='ocrx_word' id='word_1_108' title='bbox 1005 1282 1321 1357; x_wconf 48' lang='lat' dir='ltr'>Armorica</span> <span class='ocrx_word' id='word_1_109' title='bbox 1377 1286 1738 1356; x_wconf 78' lang='lat' dir='ltr'>appellantur</span> <span class='ocrx_word' id='word_1_110' title='bbox 1769 1326 1789 1359; x_wconf 89' lang='lat'>‚</span> <span class='ocrx_word' id='word_1_111' title='bbox 1832 1302 2044 1347; x_wconf 85' lang='lat' dir='ltr'>aucto..</span> 
     </span>
     <span class='ocr_line' id='line_1_16' title="bbox 206 1354 2046 1441; baseline -0.001 -23"><span class='ocrx_word' id='word_1_112' title='bbox 206 1361 385 1421; x_wconf 83' lang='lat' dir='ltr'>ritate</span> <span class='ocrx_word' id='word_1_113' title='bbox 433 1354 698 1421; x_wconf 75' lang='lat' dir='ltr'>adductae</span> <span class='ocrx_word' id='word_1_114' title='bbox 746 1358 1062 1421; x_wconf 80' lang='lat' dir='ltr'>Carnutum</span> <span class='ocrx_word' id='word_1_115' title='bbox 1091 1403 1112 1435; x_wconf 91' lang='lat'>,</span> <span class='ocrx_word' id='word_1_116' title='bbox 1159 1362 1408 1418; x_wconf 85' lang='lat' dir='ltr'>adventu</span> <span class='ocrx_word' id='word_1_117' title='bbox 1449 1360 1667 1436; x_wconf 84' lang='lat' dir='ltr'>Fabii,</span> <span class='ocrx_word' id='word_1_118' title='bbox 1715 1366 2046 1441; x_wconf 85' lang='lat' dir='ltr'>legionum..</span> 
     </span>
     <span class='ocr_line' id='line_1_17' title="bbox 210 1432 2048 1517; baseline -0.001 -18"><span class='ocrx_word' id='word_1_119' title='bbox 210 1432 367 1517; x_wconf 62' lang='lat' dir='ltr'>que)</span> <span class='ocrx_word' id='word_1_120' title='bbox 408 1446 701 1517; x_wconf 84' lang='lat' dir='ltr'>imperata</span> <span class='ocrx_word' id='word_1_121' title='bbox 734 1446 857 1503; x_wconf 88' lang='lat' dir='ltr'>sine</span> <span class='ocrx_word' id='word_1_122' title='bbox 888 1459 1047 1501; x_wconf 83' lang='lat' dir='ltr'>mora</span> <span class='ocrx_word' id='word_1_123' title='bbox 1076 1442 1319 1499; x_wconf 88' lang='lat' dir='ltr'>faciunt.</span> <span class='ocrx_word' id='word_1_124' title='bbox 1369 1442 1696 1499; x_wconf 73' lang='lat' dir='ltr'>Dumnacus</span> <span class='ocrx_word' id='word_1_125' title='bbox 1745 1446 1860 1502; x_wconf 88' lang='lat' dir='ltr'>suis</span> <span class='ocrx_word' id='word_1_126' title='bbox 1911 1444 2048 1507; x_wconf 80' lang='lat' dir='ltr'>fini.</span> 
     </span>
     <span class='ocr_line' id='line_1_18' title="bbox 204 1519 2040 1599; baseline -0.001 -22"><span class='ocrx_word' id='word_1_127' title='bbox 204 1519 309 1581; x_wconf 83' lang='lat' dir='ltr'>bus</span> <span class='ocrx_word' id='word_1_128' title='bbox 339 1528 600 1599; x_wconf 80' lang='lat' dir='ltr'>expulsus</span> <span class='ocrx_word' id='word_1_129' title='bbox 632 1566 653 1599; x_wconf 90' lang='lat'>,</span> <span class='ocrx_word' id='word_1_130' title='bbox 682 1540 875 1581; x_wconf 82' lang='lat' dir='ltr'>errans</span> <span class='ocrx_word' id='word_1_131' title='bbox 908 1565 929 1598; x_wconf 94' lang='lat'>,</span> <span class='ocrx_word' id='word_1_132' title='bbox 970 1524 1318 1595; x_wconf 84' lang='lat' dir='ltr'>latitansque</span> <span class='ocrx_word' id='word_1_133' title='bbox 1337 1560 1360 1593; x_wconf 87' lang='lat'>,</span> <span class='ocrx_word' id='word_1_134' title='bbox 1391 1524 1542 1579; x_wconf 84' lang='lat' dir='ltr'>solus</span> <span class='ocrx_word' id='word_1_135' title='bbox 1568 1538 1852 1581; x_wconf 83' lang='lat' dir='ltr'>extremas</span> <span class='ocrx_word' id='word_1_136' title='bbox 1882 1525 2040 1583; x_wconf 78' lang='lat' dir='ltr'>Gal..</span> 
     </span>
     <span class='ocr_line' id='line_1_19' title="bbox 209 1594 2156 1683; baseline 0.002 -25"><span class='ocrx_word' id='word_1_137' title='bbox 209 1602 304 1669; x_wconf 67' lang='lat' dir='ltr'>liae=</span> <span class='ocrx_word' id='word_1_138' title='bbox 358 1594 625 1679; x_wconf 71' lang='lat' dir='ltr'>regiones</span> <span class='ocrx_word' id='word_1_139' title='bbox 684 1618 877 1677; x_wconf 87' lang='lat' dir='ltr'>petere</span> <span class='ocrx_word' id='word_1_140' title='bbox 924 1616 1155 1659; x_wconf 81' lang='lat' dir='ltr'>coactus</span> <span class='ocrx_word' id='word_1_141' title='bbox 1196 1616 1305 1658; x_wconf 88' lang='lat' dir='ltr'>est.</span> <span class='ocrx_word' id='word_1_142' title='bbox 1350 1598 1434 1657; x_wconf 82' lang='lat' dir='ltr'>At</span> <span class='ocrx_word' id='word_1_143' title='bbox 1485 1600 1710 1676; x_wconf 84' lang='lat' dir='ltr'>Drapes</span> <span class='ocrx_word' id='word_1_144' title='bbox 1739 1644 1759 1675; x_wconf 97' lang='lat'>,</span> <span class='ocrx_word' id='word_1_145' title='bbox 1817 1622 2038 1681; x_wconf 81' lang='lat' dir='ltr'>unaque</span> <span class='ocrx_word' id='word_1_146' title='bbox 2081 1620 2156 1683; x_wconf 61' lang='lat'>32,</span> 
     </span>
     <span class='ocr_line' id='line_1_20' title="bbox 209 1680 2046 1761; baseline 0.002 -22"><span class='ocrx_word' id='word_1_147' title='bbox 209 1680 515 1739; x_wconf 84' lang='lat' dir='ltr'>Lucterius</span> <span class='ocrx_word' id='word_1_148' title='bbox 537 1724 556 1755; x_wconf 90' lang='lat'>,</span> <span class='ocrx_word' id='word_1_149' title='bbox 586 1700 717 1741; x_wconf 87' lang='lat' dir='ltr'>curn</span> <span class='ocrx_word' id='word_1_150' title='bbox 746 1684 999 1759; x_wconf 82' lang='lat' dir='ltr'>legiones</span> <span class='ocrx_word' id='word_1_151' title='bbox 1016 1722 1039 1754; x_wconf 92' lang='lat'>,</span> <span class='ocrx_word' id='word_1_152' title='bbox 1066 1680 1483 1753; x_wconf 83' lang='lat' dir='ltr'>Caniniumque</span> <span class='ocrx_word' id='word_1_153' title='bbox 1509 1682 1702 1739; x_wconf 80' lang='lat' dir='ltr'>adesse</span> <span class='ocrx_word' id='word_1_154' title='bbox 1726 1700 2046 1761; x_wconf 86' lang='lat' dir='ltr'>cognosce-</span> 
     </span>
     <span class='ocr_line' id='line_1_21' title="bbox 210 1760 2044 1840; baseline 0.003 -23"><span class='ocrx_word' id='word_1_155' title='bbox 210 1774 339 1818; x_wconf 85' lang='lat' dir='ltr'>rent</span> <span class='ocrx_word' id='word_1_156' title='bbox 362 1804 383 1834; x_wconf 92' lang='lat'>‚</span> <span class='ocrx_word' id='word_1_157' title='bbox 410 1781 517 1819; x_wconf 89' lang='lat' dir='ltr'>nec</span> <span class='ocrx_word' id='word_1_158' title='bbox 561 1780 621 1821; x_wconf 84' lang='lat' dir='ltr'>se</span> <span class='ocrx_word' id='word_1_159' title='bbox 658 1765 783 1819; x_wconf 84' lang='lat' dir='ltr'>sine</span> <span class='ocrx_word' id='word_1_160' title='bbox 820 1776 981 1819; x_wconf 89' lang='lat' dir='ltr'>certa</span> <span class='ocrx_word' id='word_1_161' title='bbox 1014 1760 1310 1834; x_wconf 87' lang='lat' dir='ltr'>pernicie,</span> <span class='ocrx_word' id='word_1_162' title='bbox 1351 1775 1726 1840; x_wconf 84' lang='lat' dir='ltr'>persequente</span> <span class='ocrx_word' id='word_1_163' title='bbox 1763 1767 2044 1839; x_wconf 82' lang='lat' dir='ltr'>exercitu,</span> 
     </span>
     <span class='ocr_line' id='line_1_22' title="bbox 211 1840 2046 1917; baseline 0.004 -20"><span class='ocrx_word' id='word_1_164' title='bbox 211 1856 485 1914; x_wconf 72' lang='lat' dir='ltr'>putarent</span> <span class='ocrx_word' id='word_1_165' title='bbox 518 1843 824 1917; x_wconf 77' lang='lat' dir='ltr'>provinciae</span> <span class='ocrx_word' id='word_1_166' title='bbox 858 1840 996 1897; x_wconf 85' lang='lat' dir='ltr'>fines</span> <span class='ocrx_word' id='word_1_167' title='bbox 1026 1840 1247 1896; x_wconf 85' lang='lat' dir='ltr'>intrare</span> <span class='ocrx_word' id='word_1_168' title='bbox 1281 1856 1480 1911; x_wconf 85' lang='lat' dir='ltr'>posse,</span> <span class='ocrx_word' id='word_1_169' title='bbox 1525 1856 1628 1907; x_wconf 79' lang='lat' dir='ltr'>nec</span> <span class='ocrx_word' id='word_1_170' title='bbox 1658 1840 1780 1917; x_wconf 22' lang='lat' dir='ltr'>&#39;iam‘</span> <span class='ocrx_word' id='word_1_171' title='bbox 1805 1844 2046 1905; x_wconf 74' lang='lat' dir='ltr'>liberam</span> 
     </span>
     <span class='ocr_line' id='line_1_23' title="bbox 210 1916 2048 1995; baseline 0.003 -21"><span class='ocrx_word' id='word_1_172' title='bbox 210 1922 507 1995; x_wconf 79' lang='lat' dir='ltr'>vagandi,</span> <span class='ocrx_word' id='word_1_173' title='bbox 556 1922 1048 1994; x_wconf 86' lang='lat' dir='ltr'>latrocinandique</span> <span class='ocrx_word' id='word_1_174' title='bbox 1098 1916 1433 1975; x_wconf 83' lang='lat' dir='ltr'>facultatem</span> <span class='ocrx_word' id='word_1_175' title='bbox 1467 1916 1746 1977; x_wconf 75' lang='lat' dir='ltr'>baberent</span> <span class='ocrx_word' id='word_1_176' title='bbox 1775 1958 1804 1992; x_wconf 72' lang='lat'><em>5</em></span> <span class='ocrx_word' id='word_1_177' title='bbox 1845 1925 2048 1984; x_wconf 82' lang='lat' dir='ltr'>censi-</span> 
     </span>
     <span class='ocr_line' id='line_1_24' title="bbox 211 1996 2047 2077; baseline 0.005 -23"><span class='ocrx_word' id='word_1_178' title='bbox 211 2011 367 2057; x_wconf 75' lang='lat' dir='ltr'>stunt</span> <span class='ocrx_word' id='word_1_179' title='bbox 392 2002 457 2060; x_wconf 88' lang='lat' dir='ltr'>in</span> <span class='ocrx_word' id='word_1_180' title='bbox 488 2003 649 2077; x_wconf 80' lang='lat' dir='ltr'>agris</span> <span class='ocrx_word' id='word_1_181' title='bbox 668 2000 1076 2057; x_wconf 85' lang='lat' dir='ltr'>Cadurcorum.</span> <span class='ocrx_word' id='word_1_182' title='bbox 1108 1996 1195 2053; x_wconf 85' lang='lat' dir='ltr'>lbi</span> <span class='ocrx_word' id='word_1_183' title='bbox 1228 2014 1356 2053; x_wconf 88' lang='lat' dir='ltr'>cum</span> <span class='ocrx_word' id='word_1_184' title='bbox 1388 1997 1692 2057; x_wconf 86' lang='lat' dir='ltr'>Lucterius</span> <span class='ocrx_word' id='word_1_185' title='bbox 1736 2004 1884 2075; x_wconf 86' lang='lat' dir='ltr'>apud</span> <span class='ocrx_word' id='word_1_186' title='bbox 1915 2022 2047 2063; x_wconf 73' lang='lat' dir='ltr'>suos</span> 
     </span>
     <span class='ocr_line' id='line_1_25' title="bbox 210 2072 2080 2157; baseline 0.004 -25"><span class='ocrx_word' id='word_1_187' title='bbox 210 2072 679 2157; x_wconf 79' lang='lat' dir='ltr'>civesquondam</span> <span class='ocrx_word' id='word_1_188' title='bbox 701 2121 724 2154; x_wconf 89' lang='lat'>,</span> <span class='ocrx_word' id='word_1_189' title='bbox 750 2077 992 2155; x_wconf 84' lang='lat' dir='ltr'>integris</span> <span class='ocrx_word' id='word_1_190' title='bbox 1031 2076 1194 2134; x_wconf 78' lang='lat' dir='ltr'>rebus</span> <span class='ocrx_word' id='word_1_191' title='bbox 1214 2116 1235 2149; x_wconf 92' lang='lat'>,</span> <span class='ocrx_word' id='word_1_192' title='bbox 1277 2078 1514 2133; x_wconf 83' lang='lat' dir='ltr'>multum</span> <span class='ocrx_word' id='word_1_193' title='bbox 1542 2080 1858 2157; x_wconf 78' lang='lat' dir='ltr'>potuisset,</span> <span class='ocrx_word' id='word_1_194' title='bbox 1885 2100 2050 2139; x_wconf 86' lang='lat' dir='ltr'>sem-</span> <span class='ocrx_word' id='word_1_195' title='bbox 2073 2126 2080 2131; x_wconf 78' lang='grc'><strong>-</strong></span> 
     </span>
     <span class='ocr_line' id='line_1_26' title="bbox 208 2156 2048 2236; baseline 0.003 -23"><span class='ocrx_word' id='word_1_196' title='bbox 208 2172 424 2233; x_wconf 85' lang='lat' dir='ltr'>perque</span> <span class='ocrx_word' id='word_1_197' title='bbox 472 2172 675 2217; x_wconf 76' lang='lat' dir='ltr'>auctor</span> <span class='ocrx_word' id='word_1_198' title='bbox 708 2176 979 2217; x_wconf 85' lang='lat' dir='ltr'>novorum</span> <span class='ocrx_word' id='word_1_199' title='bbox 1012 2156 1385 2215; x_wconf 85' lang='lat' dir='ltr'>consiliorum</span> <span class='ocrx_word' id='word_1_200' title='bbox 1413 2174 1686 2232; x_wconf 59' lang='lat' dir='ltr'>⁸magnam</span> <span class='ocrx_word' id='word_1_201' title='bbox 1719 2164 1866 2236; x_wconf 78' lang='lat' dir='ltr'>apud</span> <span class='ocrx_word' id='word_1_202' title='bbox 1899 2164 2048 2219; x_wconf 81' lang='lat' dir='ltr'>bar-</span> 
     </span>
     <span class='ocr_line' id='line_1_27' title="bbox 212 2232 2051 2309; baseline 0.004 -18"><span class='ocrx_word' id='word_1_203' title='bbox 212 2232 381 2295; x_wconf 78' lang='lat' dir='ltr'>batos</span> <span class='ocrx_word' id='word_1_204' title='bbox 448 2240 859 2297; x_wconf 80' lang='lat' dir='ltr'>auctoritatem</span> <span class='ocrx_word' id='word_1_205' title='bbox 920 2237 1217 2295; x_wconf 70' lang='lat' dir='ltr'>habet-ete</span> <span class='ocrx_word' id='word_1_206' title='bbox 1271 2232 1654 2309; x_wconf 60' lang='lat' dir='ltr'>¹⁸‚oppidum</span> <span class='ocrx_word' id='word_1_207' title='bbox 1719 2238 2051 2299; x_wconf 82' lang='lat' dir='ltr'>Uxellodu-</span> 
     </span>
     <span class='ocr_line' id='line_1_28' title="bbox 208 2308 2046 2404; baseline 0.004 -33"><span class='ocrx_word' id='word_1_208' title='bbox 208 2308 341 2371; x_wconf 69' lang='lat' dir='ltr'>num</span> <span class='ocrx_word' id='word_1_209' title='bbox 364 2358 388 2389; x_wconf 94' lang='lat'>‚</span> <span class='ocrx_word' id='word_1_210' title='bbox 417 2320 568 2404; x_wconf 78' lang='lat' dir='ltr'>quod</span> <span class='ocrx_word' id='word_1_211' title='bbox 600 2322 661 2374; x_wconf 90' lang='lat' dir='ltr'>in</span> <span class='ocrx_word' id='word_1_212' title='bbox 700 2318 967 2375; x_wconf 87' lang='lat' dir='ltr'>clientela</span> <span class='ocrx_word' id='word_1_213' title='bbox 1019 2317 1205 2374; x_wconf 85' lang='lat' dir='ltr'>fuerat</span> <span class='ocrx_word' id='word_1_214' title='bbox 1245 2310 1406 2389; x_wconf 79' lang='lat' dir='ltr'>ejus&#39;,</span> <span class='ocrx_word' id='word_1_215' title='bbox 1437 2330 1640 2375; x_wconf 82' lang='lat' dir='ltr'>natura</span> <span class='ocrx_word' id='word_1_216' title='bbox 1695 2321 1810 2397; x_wconf 78' lang='lat' dir='ltr'>loci</span> <span class='ocrx_word' id='word_1_217' title='bbox 1868 2338 2046 2397; x_wconf 78' lang='lat' dir='ltr'>egre-</span> 
     </span>
     <span class='ocr_line' id='line_1_29' title="bbox 210 2390 2042 2476; baseline 0.004 -25"><span class='ocrx_word' id='word_1_218' title='bbox 210 2396 304 2471; x_wconf 77' lang='lat' dir='ltr'>gie</span> <span class='ocrx_word' id='word_1_219' title='bbox 333 2390 662 2469; x_wconf 76' lang='lat' dir='ltr'>munitum,</span> <span class='ocrx_word' id='word_1_220' title='bbox 705 2410 945 2470; x_wconf 85' lang='lat' dir='ltr'>occupat</span> <span class='ocrx_word' id='word_1_221' title='bbox 992 2398 1150 2466; x_wconf 77' lang='lat' dir='ltr'>sui5,</span> <span class='ocrx_word' id='word_1_222' title='bbox 1204 2406 1266 2449; x_wconf 91' lang='lat' dir='ltr'>et</span> <span class='ocrx_word' id='word_1_223' title='bbox 1317 2394 1594 2467; x_wconf 79' lang='lat' dir='ltr'>Drapetis</span> <span class='ocrx_word' id='word_1_224' title='bbox 1643 2401 1827 2471; x_wconf 87' lang='lat' dir='ltr'>copiis</span> <span class='ocrx_word' id='word_1_225' title='bbox 1857 2441 1876 2471; x_wconf 93' lang='lat'>,</span> <span class='ocrx_word' id='word_1_226' title='bbox 1925 2418 2042 2476; x_wconf 88' lang='lat' dir='ltr'>op-</span> 
     </span>
     <span class='ocr_line' id='line_1_30' title="bbox 208 2473 2162 2551; baseline 0.002 -20"><span class='ocrx_word' id='word_1_227' title='bbox 208 2475 556 2551; x_wconf 77' lang='lat' dir='ltr'>pidanosque</span> <span class='ocrx_word' id='word_1_228' title='bbox 586 2478 699 2537; x_wconf 80' lang='lat' dir='ltr'>sibi</span> <span class='ocrx_word' id='word_1_229' title='bbox 729 2476 1039 2551; x_wconf 85' lang='lat' dir='ltr'>conjungit.</span> <span class='ocrx_word' id='word_1_230' title='bbox 1092 2473 1224 2549; x_wconf 85' lang='lat' dir='ltr'>Quo</span> <span class='ocrx_word' id='word_1_231' title='bbox 1265 2490 1392 2529; x_wconf 87' lang='lat' dir='ltr'>cum</span> <span class='ocrx_word' id='word_1_232' title='bbox 1442 2476 1744 2533; x_wconf 76' lang='lat' dir='ltr'>confestim</span> <span class='ocrx_word' id='word_1_233' title='bbox 1806 2478 1875 2538; x_wconf 89' lang='lat' dir='ltr'>C.</span> <span class='ocrx_word' id='word_1_234' title='bbox 1911 2478 2037 2537; x_wconf 88' lang='lat' dir='ltr'>Ca-</span> <span class='ocrx_word' id='word_1_235' title='bbox 2083 2488 2162 2547; x_wconf 76' lang='grc'>33</span> 
     </span>
     <span class='ocr_line' id='line_1_31' title="bbox 211 2553 2046 2635; baseline 0.004 -28"><span class='ocrx_word' id='word_1_236' title='bbox 211 2553 403 2611; x_wconf 83' lang='lat' dir='ltr'>ninius</span> <span class='ocrx_word' id='word_1_237' title='bbox 443 2558 728 2627; x_wconf 46' lang='lat' dir='ltr'>venisset,</span> <span class='ocrx_word' id='word_1_238' title='bbox 780 2555 1382 2629; x_wconf 72' lang='lat' dir='ltr'>animadverteretque</span> <span class='ocrx_word' id='word_1_239' title='bbox 1429 2571 1624 2612; x_wconf 86' lang='lat' dir='ltr'>omnes</span> <span class='ocrx_word' id='word_1_240' title='bbox 1657 2560 1854 2633; x_wconf 89' lang='lat' dir='ltr'>oppidi</span> <span class='ocrx_word' id='word_1_241' title='bbox 1903 2578 2046 2635; x_wconf 84' lang='lat' dir='ltr'>par-</span> 
     </span>
     <span class='ocr_line' id='line_1_32' title="bbox 211 2634 2048 2711; baseline 0.004 -22"><span class='ocrx_word' id='word_1_242' title='bbox 211 2644 299 2694; x_wconf 71' lang='lat' dir='ltr'>xes</span> <span class='ocrx_word' id='word_1_243' title='bbox 338 2636 803 2711; x_wconf 63' lang='lat' dir='ltr'>praeruptissimis</span> <span class='ocrx_word' id='word_1_244' title='bbox 850 2637 1000 2691; x_wconf 83' lang='lat' dir='ltr'>saxis</span> <span class='ocrx_word' id='word_1_245' title='bbox 1048 2650 1171 2689; x_wconf 85' lang='lat' dir='ltr'>esse</span> <span class='ocrx_word' id='word_1_246' title='bbox 1214 2634 1503 2707; x_wconf 81' lang='lat' dir='ltr'>munitas,</span> <span class='ocrx_word' id='word_1_247' title='bbox 1533 2654 1685 2711; x_wconf 81' lang='lat' dir='ltr'>qun,</span> <span class='ocrx_word' id='word_1_248' title='bbox 1744 2638 2048 2697; x_wconf 82' lang='lat' dir='ltr'>defedente</span> 
     </span>
     <span class='ocr_line' id='line_1_33' title="bbox 212 2714 2051 2792; baseline 0.004 -25"><span class='ocrx_word' id='word_1_249' title='bbox 212 2714 407 2787; x_wconf 79' lang='lat' dir='ltr'>nullo,</span> <span class='ocrx_word' id='word_1_250' title='bbox 458 2729 649 2771; x_wconf 88' lang='lat' dir='ltr'>tamen</span> <span class='ocrx_word' id='word_1_251' title='bbox 680 2716 919 2775; x_wconf 81' lang='lat' dir='ltr'>armatis</span> <span class='ocrx_word' id='word_1_252' title='bbox 942 2714 1266 2789; x_wconf 65' lang='lat' dir='ltr'>‚ascendere</span> <span class='ocrx_word' id='word_1_253' title='bbox 1315 2726 1464 2769; x_wconf 84' lang='lat' dir='ltr'>esset</span> <span class='ocrx_word' id='word_1_254' title='bbox 1511 2714 1795 2792; x_wconf 68' lang='lat' dir='ltr'>difficile,</span> <span class='ocrx_word' id='word_1_255' title='bbox 1841 2734 2051 2792; x_wconf 83' lang='lat' dir='ltr'>magna</span> 
     </span>
     <span class='ocr_line' id='line_1_34' title="bbox 217 2794 2052 2871; baseline 0.003 -24"><span class='ocrx_word' id='word_1_256' title='bbox 217 2806 409 2849; x_wconf 73' lang='lat' dir='ltr'>autem</span> <span class='ocrx_word' id='word_1_257' title='bbox 459 2794 872 2869; x_wconf 85' lang='lat' dir='ltr'>impedimenta</span> <span class='ocrx_word' id='word_1_258' title='bbox 916 2794 1332 2867; x_wconf 82' lang='lat' dir='ltr'>oppidanorum</span> <span class='ocrx_word' id='word_1_259' title='bbox 1367 2794 1565 2850; x_wconf 78' lang='lat' dir='ltr'>videre</span> <span class='ocrx_word' id='word_1_260' title='bbox 1586 2834 1607 2866; x_wconf 90' lang='lat'>‚</span> <span class='ocrx_word' id='word_1_261' title='bbox 1649 2812 1767 2871; x_wconf 80' lang='lat' dir='ltr'>quae</span> <span class='ocrx_word' id='word_1_262' title='bbox 1797 2797 1846 2852; x_wconf 78' lang='lat' dir='ltr'>si</span> <span class='ocrx_word' id='word_1_263' title='bbox 1879 2800 2052 2853; x_wconf 82' lang='lat' dir='ltr'>clan-</span> 
     </span>
     <span class='ocr_line' id='line_1_35' title="bbox 217 2870 2100 2957; baseline 0.004 -30"><span class='ocrx_word' id='word_1_264' title='bbox 217 2870 446 2939; x_wconf 68' lang='lat' dir='ltr'>destina</span> <span class='ocrx_word' id='word_1_265' title='bbox 481 2874 613 2957; x_wconf 81' lang='lat' dir='ltr'>fuga</span> <span class='ocrx_word' id='word_1_266' title='bbox 640 2872 974 2931; x_wconf 64' lang='lat' dir='ltr'>subtrahere</span> <span class='ocrx_word' id='word_1_267' title='bbox 1004 2884 1349 2928; x_wconf 86' lang='lat' dir='ltr'>conarentur</span> <span class='ocrx_word' id='word_1_268' title='bbox 1379 2910 1400 2943; x_wconf 89' lang='lat'>,</span> <span class='ocrx_word' id='word_1_269' title='bbox 1439 2872 1688 2949; x_wconf 85' lang='lat' dir='ltr'>effugere</span> <span class='ocrx_word' id='word_1_270' title='bbox 1729 2892 1842 2931; x_wconf 86' lang='lat' dir='ltr'>non</span> <span class='ocrx_word' id='word_1_271' title='bbox 1869 2878 2043 2935; x_wconf 83' lang='lat' dir='ltr'>modo</span> <span class='ocrx_word' id='word_1_272' title='bbox 2091 2871 2100 2877; x_wconf 70' lang='grc'><strong>’</strong></span> 
     </span>
     <span class='ocr_line' id='line_1_36' title="bbox 221 2944 2054 3028; baseline 0.004 -21"><span class='ocrx_word' id='word_1_273' title='bbox 221 2954 577 3028; x_wconf 79' lang='lat' dir='ltr'>equitatum,</span> <span class='ocrx_word' id='word_1_274' title='bbox 607 2955 707 3011; x_wconf 88' lang='lat' dir='ltr'>sed</span> <span class='ocrx_word' id='word_1_275' title='bbox 761 2971 832 3010; x_wconf 86' lang='lat' dir='ltr'>ne</span> <span class='ocrx_word' id='word_1_276' title='bbox 880 2944 1131 3027; x_wconf 70' lang='lat' dir='ltr'>legiones</span> <span class='ocrx_word' id='word_1_277' title='bbox 1180 2951 1410 3025; x_wconf 80' lang='lat' dir='ltr'>quidem</span> <span class='ocrx_word' id='word_1_278' title='bbox 1454 2951 2054 3027; x_wconf 83' lang='lat' dir='ltr'>possent:tripartito</span> 
     </span>
     <span class='ocr_line' id='line_1_37' title="bbox 222 3030 2054 3106; baseline 0.004 -22"><span class='ocrx_word' id='word_1_279' title='bbox 222 3030 556 3091; x_wconf 79' lang='lat' dir='ltr'>cohortibus</span> <span class='ocrx_word' id='word_1_280' title='bbox 594 3034 802 3091; x_wconf 85' lang='lat' dir='ltr'>divisis</span> <span class='ocrx_word' id='word_1_281' title='bbox 826 3050 857 3106; x_wconf 89' lang='lat'>,·</span> <span class='ocrx_word' id='word_1_282' title='bbox 893 3035 1049 3089; x_wconf 87' lang='lat' dir='ltr'>trina</span> <span class='ocrx_word' id='word_1_283' title='bbox 1104 3031 1492 3089; x_wconf 79' lang='lat' dir='ltr'>excelsissimo</span> <span class='ocrx_word' id='word_1_284' title='bbox 1541 3035 1670 3089; x_wconf 90' lang='lat' dir='ltr'>loco</span> <span class='ocrx_word' id='word_1_285' title='bbox 1722 3049 1910 3091; x_wconf 81' lang='lat' dir='ltr'>castra</span> <span class='ocrx_word' id='word_1_286' title='bbox 1953 3036 2054 3091; x_wconf 80' lang='lat' dir='ltr'>fe-</span> 
     </span>
     <span class='ocr_line' id='line_1_38' title="bbox 222 3108 2056 3190; baseline 0.003 -23"><span class='ocrx_word' id='word_1_287' title='bbox 222 3108 339 3184; x_wconf 81' lang='lat' dir='ltr'>cit,</span> <span class='ocrx_word' id='word_1_288' title='bbox 366 3130 401 3168; x_wconf 87' lang='lat' dir='ltr'>a</span> <span class='ocrx_word' id='word_1_289' title='bbox 426 3116 629 3189; x_wconf 83' lang='lat' dir='ltr'>quibus</span> <span class='ocrx_word' id='word_1_290' title='bbox 658 3112 992 3190; x_wconf 85' lang='lat' dir='ltr'>paullatim,</span> <span class='ocrx_word' id='word_1_291' title='bbox 1015 3124 1290 3187; x_wconf 86' lang='lat' dir='ltr'>quantum</span> <span class='ocrx_word' id='word_1_292' title='bbox 1320 3111 1496 3187; x_wconf 84' lang='lat' dir='ltr'>copiae</span> <span class='ocrx_word' id='word_1_293' title='bbox 1522 3112 1915 3188; x_wconf 79' lang='lat' dir='ltr'>patiebantur,</span> <span class='ocrx_word' id='word_1_294' title='bbox 1933 3118 2056 3173; x_wconf 84' lang='lat' dir='ltr'>val-</span> 
     </span>
    </p>
   </div>
   <div class='ocr_carea' id='block_1_3' title="bbox 224 3301 1865 3447">
    <p class='ocr_par' dir='ltr' id='par_1_3' title="bbox 224 3301 1865 3447">
     <span class='ocr_line' id='line_1_39' title="bbox 289 3301 1865 3365; baseline 0.004 -14"><span class='ocrx_word' id='word_1_295' title='bbox 289 3306 351 3351; x_wconf 82' lang='lat'>18</span> <span class='ocrx_word' id='word_1_296' title='bbox 415 3309 642 3365; x_wconf 74' lang='lat' dir='ltr'>oppidum</span> <span class='ocrx_word' id='word_1_297' title='bbox 698 3304 1093 3357; x_wconf 71' lang='lat' dir='ltr'>Uxellodm&#39;zum.)</span> <span class='ocrx_word' id='word_1_298' title='bbox 1159 3302 1430 3354; x_wconf 79' lang='lat' dir='ltr'>Armorica</span> <span class='ocrx_word' id='word_1_299' title='bbox 1457 3301 1698 3358; x_wconf 80' lang='lat' dir='ltr'>citeriore</span> <span class='ocrx_word' id='word_1_300' title='bbox 1742 3307 1865 3359; x_wconf 83' lang='lat' dir='ltr'>fuit.</span> 
     </span>
     <span class='ocr_line' id='line_1_40' title="bbox 224 3366 1100 3447; baseline 0.002 -33"><span class='ocrx_word' id='word_1_301' title='bbox 224 3366 573 3419; x_wconf 78' lang='lat' dir='ltr'>cadurcorum</span> <span class='ocrx_word' id='word_1_302' title='bbox 619 3371 719 3421; x_wconf 83' lang='lat' dir='ltr'>hoc</span> <span class='ocrx_word' id='word_1_303' title='bbox 748 3369 1001 3433; x_wconf 80' lang='lat' dir='ltr'>oppidum</span> <span class='ocrx_word' id='word_1_304' title='bbox 1044 3366 1100 3447; x_wconf 72' lang='lat' dir='ltr'>iu</span> 
     </span>
    </p>
   </div>
  </div>
 </body>
</html>
