2459 3834
394 62 547 138 452
806 63 909 118 DE
960 61 1199 116 BELLO
1253 57 1818 116 ALEXANDRINO

362 171 371 178 ·
397 158 551 205 teras
580 145 653 202 ad
678 142 993 202 Gabinium
1028 145 1219 201 mittit
1249 183 1270 216 ‚
1300 147 1386 202 uti
1423 159 1550 199 curn
1581 141 1902 218 legionibus
1945 139 2240 217 tironum,

392 244 515 301 quae
566 243 743 300 nuper
798 239 927 282 erat
985 225 1369 298 conscriptae,
1410 220 1912 298 proficiscerentur
1960 222 2020 278 in
2073 223 2241 297 llly-

392 307 611 378 ticum,
639 303 1066 380 conjunctisque
1098 304 1285 378 copiis
1325 322 1452 361 cum
1501 302 1577 376 Q.
1609 301 1965 375 Cornificio,
1993 303 2040 360 si
2073 303 2234 378 quod

391 389 707 460 periculum
742 386 1051 459 provinciae
1083 385 1397 442 inferretur
1425 385 1842 458 ,depellet-et:
1873 383 1966 439 sin
2002 399 2072 439 ea
2107 388 2234 441 noti

387 468 613 541 magnis
638 467 823 540 copiis
868 479 994 522 tuta
1032 483 1156 521 esse
1196 479 1436 540 posset,
1484 465 1546 519 in
1599 463 2008 521 Macedoniam
2039 466 2100 508 ⁵³
2129 466 2236 520 le·-

387 547 589 622 giones
634 547 1035 616 adducerent,
1076 561 1306 603 omnem
1365 547 1522 602 enim
1566 544 1727 600 illam
1778 557 2058 618 partem,
2111 561 2232 600 re·-

386 628 764 700 gionemque,
808 627 947 684 vivo
988 623 1097 680 Cn.
1147 623 1726 700 Pompejo,·bellum
1765 626 2232 682 instauraturum

262 723 343 785 43
386 723 511 764 esse
548 705 837 766 credebat.
870 704 1155 765 Gabinius
1175 744 1194 776 ,
1226 719 1290 762 ut
1339 708 1402 762 in
1432 707 1734 779 Illyricum
1781 706 1981 777 venit,
2011 704 2228 760 hiber-

380 803 457 842 no
508 799 769 859 tempore
796 788 933 842 anni
961 825 982 858 ,
1014 801 1083 842 ac
1111 785 1386 859 difficili,
1417 788 1544 842 sive
1571 787 1932 860 copiosorem
1964 785 2223 858 provin-

378 867 532 922 ciam
572 868 908 924 existimans
936 907 958 941 ,
988 867 1113 922 sive
1154 870 1396 924 multum
1450 867 1692 923 fortunae
1735 866 1982 922 victoris
2009 863 2222 922 Caesa-

337 1005 355 1014 -
377 945 461 1004 ris
497 947 753 1006 tribuens
773 987 791 1018 ,
813 947 937 1003 sive
960 947 1187 1004 virtute
1208 987 1227 1019 ,
1255 960 1316 1004 et
1347 948 1596 1004 scientia
1623 963 1724 1004 sun
1753 945 2023 1018 confisus,
2041 962 2220 1020 quam
2255 960 2264 972 ‘

342 1034 524 1099 'saepe
564 1027 625 1084 in
672 1027 840 1084 bellis
891 1027 1254 1100 periclitatus
1286 1067 1306 1098 ‚
1345 1043 1580 1102 magnas
1636 1043 1768 1099 ηε,
1821 1040 1882 1082 et
1931 1025 2216 1082 secundas

374 1107 593 1179 ductu,
618 1123 865 1182 ausuque
920 1124 1023 1164 suo
1071 1121 1328 1182 gesserat
1361 1149 1380 1179 ,
1433 1123 1614 1181 neque
1673 1107 1986 1182 provincia
2016 1108 2218 1162 facul-

373 1187 593 1244 tatibus
624 1189 1066 1260 sublevabatur,
1092 1204 1211 1262 quae
1269 1190 1484 1262 partim
1519 1200 1649 1242 erat
1683 1187 2020 1260 exinanita,
2065 1204 2222 1260 par-
2260 1244 2288 1254 ,

371 1267 484 1324 tim
532 1265 833 1340 infidelis3
869 1285 1048 1342 neque
1096 1269 1373 1340 navibus,
1409 1269 1720 1326 interciuso
1759 1269 1910 1324 mari
1950 1281 2217 1340 tempes-

370 1348 620 1420 tatibus,
646 1362 1001 1408 commeatus
1038 1352 1372 1422 supportari
1405 1362 1633 1422 poterat
1666 1389 1687 1421 ‚
1717 1349 2050 1424 magnisque
2075 1347 2214 1404 dif-

368 1424 723 1504 ficultetibus
782 1443 1053 1501 coactus,
1105 1445 1218 1486 non
1269 1443 1334 1486 ut
1373 1430 1657 1500 volebat,
1701 1429 1802 1486 sed
1861 1443 1924 1484 ut
1973 1443 2206 1484 necesse

367 1521 537 1581 erat,
566 1511 777 1566 bellum
814 1510 1069 1603 gerebat.
1124 1509 1251 1581 Ita,
1289 1527 1418 1566 cum
1455 1508 1778 1568 durissimis
1827 1508 2216 1582 tempestati-

366 1585 469 1644 bus
498 1628 518 1659 ,
552 1605 785 1664 propter
828 1591 1128 1662 inopiam,
1156 1593 1441 1663 castella,
1491 1603 1590 1648 aut
1632 1589 1849 1663 oppida
1895 1606 2199 1678 expugna—

364 1683 431 1722 re
468 1683 770 1743 cogeretur
792 1709 812 1741 ,
850 1673 1055 1726 crebra
1096 1670 1463 1729 incommoda
1501 1671 1878 1746 accipiebat·
1931 1663 2196 1742 adeoque*

362 1760 455 1806 est
500 1765 533 1804 a
572 1751 828 1806 barbaris
870 1764 1275 1823 contemptim,
1309 1767 1371 1808 ut
1405 1756 1464 1795 ⁵⁴
1494 1751 1764 1808 Salonam
1807 1765 1872 1807 se
1909 1749 2192 1822 recipiens

359 1827 424 1884 in
468 1831 743 1903 oppidum
778 1831 1131 1887 maritimum
1166 1872 1185 1902 ,
1235 1832 1386 1905 quod
1437 1833 1595 1888 cives
1647 1831 1896 1888 Romani
1934 1830 2198 1887 fortissi-

358 1908 443 1965 mi
472 1947 494 1980 ‚
534 1907 965 1984 fidelissimique
1002 1910 1333 1968 incolebant
1355 1952 1374 1983 ‚
1413 1912 1476 1967 in
1517 1913 1748 1987 agmine
1787 1909 2069 1969 dimicare
2106 1909 2192 1965 sit

356 2001 608 2044 coactus.
654 1988 784 2063 Quo
818 1990 1013 2062 praelio
1054 1989 1271 2049 duobus
1321 1993 1576 2048 millibus
1621 1993 1878 2048 militum
1933 1989 2188 2063 amplius

340 2067 623 2138 amissis,
653 2069 1083 2126 centurionibus
1125 2089 1317 2128 xxx1x.
1342 2113 1362 2143 ,
1401 2071 1648 2130 tribunis
1695 2091 1774 2127 ιν.
1798 2087 1986 2142 ,cum
2029 2070 2187 2126 reli-

354 2148 493 2220 quis·
512 2145 991 2221 copiisSalonam
1019 2167 1083 2207 se
1112 2153 1339 2224 recepit
1358 2192 1377 2224 ‚
1407 2169 1738 2226 summaque
1783 2151 1870 2207 ibi
1917 2149 2190 2208 difficul-

356 2239 482 2282 tate
522 2230 777 2286 omnium
822 2247 1041 2300 pressus
1070 2269 1090 2303 ,
1142 2232 1336 2304 paucis
1389 2233 1678 2291 mensibus
1729 2231 1930 2291 morbo
1979 2231 2180 2304 periit.

353 2304 533 2381 Cujus
582 2323 644 2378 et
684 2310 1003 2367 infelicitas
1062 2311 1235 2384 vivi,
1265 2322 1326 2367 e't
1367 2314 1560 2368 subita
1595 2328 1752 2368 mors
1793 2313 1858 2366 in
1913 2327 2184 2386 magnam

354 2403 528 2459 spem
571 2386 884 2449 Octavium
934 2390 1175 2448 adduxit
1231 2393 1542 2466 provinciae
1612 2391 1898 2466 potiundae
1943 2407 1959 2449 t
2011 2407 2181 2466 quem

356 2479 549 2524 tamen
582 2469 845 2526 diutius
832 2489 891 2526 m
942 2471 1107 2528 rebus
1145 2474 1409 2530 secundis
1439 2487 1502 2536 et
1541 2472 1806 2543 fortuna,
1839 2489 1963 2544 quae
1992 2473 2208 2545 pluri-

276 2555 281 2560 “
352 2563 509 2607 mum
550 2549 610 2604 in
651 2549 815 2606 bellis
854 2563 1095 2624 potest,
1124 2553 1540 2628 diligentiaque
1568 2545 1927 2624 Cornificii,
1931 2559 2014 2608 ‘et
2053 2552 2184 2608 vir.-

351 2637 443 2686 tus
474 2627 723 2687 Vatinii
743 2631 967 2688 versari
999 2648 1163 2705 passa
1192 2650 1308 2692 non
1335 2647 1444 2691 est.

410 2800 477 2850 53
544 2796 774 2851 Legiones
798 2795 1087 2842 adducerent.
1104 2793 1127 2849 )
1148 2795 1230 2844 Sic
1291 2794 1330 2848 li
1366 2809 1397 2842 a
1425 2797 1658 2853 salonis,
1678 2805 1737 2842 ac
1769 2798 1980 2842 Salonas
2015 2790 2178 2842 effer-

342 2851 483 2901 libri.
514 2857 654 2904 Unus
682 2859 952 2905 adduceret.
1290 2867 1378 2904 tur
1406 2871 1554 2918 supra
1585 2861 1640 2906 Β.
1665 2859 1778 2906 eiv.
1809 2871 1906 2905 111.
1947 2861 2002 2908 8.,
2023 2866 2074 2914 9.
2115 2869 2172 2904 e-

406 2928 477 2978 ,54
541 2925 766 2968 salonam
786 2935 840 2968 se
860 2923 1103 2978 recipiens
1108 2920 1127 2973 )
1146 2923 1225 2969 Sa·
1291 2921 1419 2968 tiam
1440 2925 1616 2973 Graece
1650 2921 1675 2966 ό
1699 2917 1905 2977 Κάλων.
1928 2919 2049 2974 vidi
2063 2925 2172 2972 No-

338 2980 457 3027 lona
490 2984 619 3030 olim
646 2993 803 3042 caput
838 2985 1141 3042 Dalmatiae,
1172 2993 1225 3032 et
1289 2986 1373 3035 tlt.
1409 2986 1554 3043 orbis
1578 2985 1753 3049 Antiq-

332 3041 551 3106 insignis
572 3047 773 3097 colonia
788 3083 808 3108 ,
826 3060 943 3110 quae
965 3057 1019 3098 et
1040 3051 1223 3110 plura-
