2459 3834
1821 4 1896 9 --..
1911 6 2228 11 ,ἡὴ-...Ῥψ-
2241 4 2264 12 .-
2283 6 2370 10 ,Ῥ-

455 165 488 216 1
505 138 604 239 36
804 189 816 205 .
1001 156 1106 221 m:
1131 152 1376 211 ussto
1406 151 1729 213 GAurco

449 240 866 313 impedimenta
903 240 1235 309 exereitus,
1274 238 1501 295 obsides
1544 220 1891 305 civitatum,
1929 232 2131 291 literas
2160 251 2283 308 pu·-

445 318 666 400 bligas,
717 320 1177 390 frumentumque
1219 335 1405 373 omne·
1418 354 1438 388 ,
1484 319 1633 391 quod
1672 332 1743 372 eo
1794 318 2101 371 tolerandae
2148 317 2277 371 hie-

447 402 560 459 mis
599 416 768 457 causa
811 401 1160 470 devexerat,
1197 397 1573 471 relinquebat.
1614 395 1867 465 Fabius,
1910 407 1970 448 ut
2014 397 2275 467 impera-

447 490 576 535 tum
605 494 774 551 erat,
804 494 913 533 non
943 479 1028 531 ita
1073 479 1309 532 multum
1358 490 1651 542 moratuS,
1681 477 1741 530 in
1772 474 1985 529 itinere
2014 492 2141 529 cum
2180 478 2277 530 le·-

447 561 620 633 gione
654 558 922 619 occurrit.
967 554 1294 629 Labienus,
1324 558 1565 611 interitu
1606 554 1849 624 Sabini,
1875 566 1937 609 et
1974 554 2123 609 eaede
2164 571 2277 611 co·-

447 636 706 694 hortium
751 636 1019 711 cognita,
1063 652 1190 691 cum
1231 652 1427 691 omnes
1468 637 1539 691 ad
1582 652 1711 689 eum
1742 632 2116 689 Trevirorum
2162 650 2279 689 co-

449 716 560 789 piae
601 716 924 785 venissent,
955 718 1011 756 ⁵²
1059 716 1316 789 veritus,
1346 717 1393 771 si
1422 733 1493 771 ex
1540 714 1795 770 hibernis
1836 712 1977 787 fugae
2020 714 2275 769 similem

451 796 868 867 profectionem
913 794 1184 866 fecisset,
1247 806 1309 849 ut
1356 796 1609 851 hostium
1660 796 1939 867 impetum
1988 794 2277 849 sustinere

445 891 560 931 non
588 889 808 949 posset,
841 874 1156 947 praesertim
1197 876 1366 950 quod·
1389 876 1604 930 recenti
1636 872 1885 930 victoria
1918 870 2113 931 ‚efferri
2156 873 2277 927 sci-

446 967 579 1026 ret,
622 956 820 1011 literas
859 952 1070 1009 Caesari
1117 956 1411 1024 remittit,
1452 967 1667 1028 quanto
1706 968 1835 1008 cum
1880 950 2135 1024 periculo
2178 956 2277 1008 le·-

453 1034 685 1107 gionem
713 1052 782 1089 ex
823 1034 1076 1089 hibernis
1115 1035 1419 1091 educturus
1446 1047 1627 1091 esset:
1680 1036 1739 1077 ⁵3
1791 1048 1911 1087 rem
1956 1045 2183 1105 gestam
2212 1034 2275 1088 in

453 1112 814 1169 Eburonibus
856 1113 1207 1187 praescribit:
1250 1115 1419 1169 docet
1443 1154 1462 1185 ,
1504 1127 1699 1170 omnes
1738 1112 2027 1185 peditatus
2050 1147 2070 1181 ,
2098 1113 2279 1185 equi-

417 1230 420 1233 ⁴
456 1203 719 1267 tatusque
767 1194 964 1264 copias
1016 1192 1389 1249 Ter-virorum
1434 1212 1524 1249 111.
1569 1192 1754 1248 millia,
1801 1208 2058 1264 passuum
2098 1194 2274 1267 longe

275 1298 296 1321 s
335 1267 412 1344 48
455 1274 528 1327 ab
557 1276 672 1329 suis
701 1274 908 1329 castris
959 1274 1395 1330 ⁵⁴-consedisse.
1448 1271 1679 1342 caesar,
1708 1271 1949 1328 consilio
1974 1268 2094 1343 ejus
2126 1288 2275 1343 pro-

421 1352 614 1425 bato,
641 1356 784 1425 etsi,
815 1354 1084 1423 opinione
1115 1372 1205 1407 111.
1239 1354 1525 1427 legionum
1557 1350 1841 1425 dejectus,
1871 1350 1943 1405 ad
1968 1368 2033 1405 ιι.
2064 1350 2275 1405 redie-

445 1448 575 1505 rat,
605 1428 796 1489 tame'n
841 1449 1006 1489 unum
1047 1434 1364 1487 communis
1394 1431 1595 1490 salutis
1624 1428 1921 1491 auxilium
1936 1430 2001 1483 in
2051 1432 2274 1485 celeri-

446 1524 570 1593 tate
601 1513 861 1584 ponebat.
915 1510 1094 1567 Venit
1133 1512 1361 1586 magnit
1404 1511 1705 1567 itineribus
1737 1510 1797 1565 in
1818 1484 2169 1564 Nerviorum
2188 1508 2273 1565 fi-·

445 1609 563 1647 nes.
620 1592 705 1647 Ibi
759 1609 830 1647 ex
881 1590 1130 1662 captivis
1178 1592 1521 1683 cognoscit,
1560 1605 1680 1665 quae
1728 1588 1875 1661 apud
1926 1585 2269 1645 Ciceronem

447 1684 765 1743 gerantur,
811 1684 1135 1745 quantoque
1175 1672 1248 1725 in
1280 1666 1532 1743 periculo
1574 1687 1662 1725 res
1706 1669 1805 1723 sit.
1854 1666 2003 1723 Tum
2042 1668 2273 1725 cuidam

447 1766 520 1803 ex
562 1751 846 1827 equitibus
885 1749 1074 1806 Gallis
1123 1752 1347 1825 magnis
1390 1750 1635 1823 praemiis
1678 1748 2010 1820 persuadet,
2058 1749 2147 1801 uti
2197 1750 2277 1804 ad

447 1825 793 1886 Ciceronem
843 1832 1148 1923 epistolam
1201 1830 1441 1887 deferat.
1503 1830 1669 1885 Hanc
1722 1825 1941 1883 Graecis
2000 1829 2271 1884 conscri—

448 1920 611 1979 ptam
654 1911 840 1964 literis
883 1910 1110 1980 mittit,
1151 1927 1221 1964 ne
1262 1912 1583 1981 intercepta
1632 1908 1915 1980 epistola,
1956 1919 2155 1963 nostra
2194 1908 2269 1963 ab

447 1986 710 2045 hostibus
767 1990 1006 2043 consilia
1061 2001 1513 2063 cognoscantur:
1565 1988 1615 2044 si
1672 1988 1833 2041 adire
1888 2003 2002 2043 non
2060 1989 2267 2061 possit,

445 2081 686 2137 monet,
748 2081 807 2121 ut
854 2071 1135 2138 tragulam
1185 2085 1311 2123 cum
1366 2068 1731 2139 epistolawd
1775 2079 2066 2121 amentum
2110 2068 2270 2122 deli·-

447 2158 590 2218 gata
619 2147 770 2200 intra
805 2146 1146 2203 munitiones
1174 2162 1490 2210 castrorum
1524 2148 1776 2221 abjiciat.
1806 2148 1871 2201 In
1903 2146 2091 2201 literis
2118 2148 2267 2203 scri·

447 2225 583 2296 bit,
613 2242 674 2281 se
703 2242 829 2281 cum
872 2228 1185 2299 legionibus
1219 2228 1531 2299 profectum
1565 2228 1831 2281 celeriter
1862 2224 2083 2283 afforet
2116 2228 2267 2283 hor-

449 2316 651 2378 tatur,
690 2318 751 2362 ut
805 2308 1100 2377 pristinam
1151 2308 1425 2361 virtutem
1480 2309 1745 2362 retineat.
1796 2303 1996 2361 Gallus
2028 2296 2268 2377 pericu-

445 2386 566 2439 lum
598 2388 853 2455 verituS,
897 2400 957 2441 ut
987 2398 1114 2441 erat
1147 2378 1529 2459 praeceptum,
1570 2390 1851 2477 tragulam
1890 2388 2097 2441 mittit.
2127 2386 2265 2448 Haec

451 2478 585 2519 casu
624 2466 696 2519 ad
743 2469 914 2520 turim
967 2466 1249 2537 adhaesit,
1299 2484 1475 2538 neque
1526 2464 1597 2523 ab
1646 2466 1859 2521 nostris
1906 2467 2079 2521 biduo
2126 2469 2267 2541 ani,-

451 2544 771 2607 madversa.
831 2544 1040 2599 Tertio
1100 2547 1196 2600 die
1254 2562 1287 2599 a
1344 2548 1587 2619 quodam
1648 2547 1837 2603 milite
1894 2542 2272 2620 conspicitur,

449 2623 684 2695 dempta
733 2624 803 2677 ad
835 2622 1175 2679 Ciceronem
1221 2626 1499 2681 defertur.
1536 2629 1641 2682 Ille
1674 2628 1983 2699 perlectam
2015 2626 2076 2679 in
2118 2642 2273 2683 con-

374 2746 384 2754 ,
445 2717 623 2757 ventu
666 2704 914 2758 militum
958 2704 1206 2775 recitat,
1240 2707 1597 2778 maximaque
1644 2720 1841 2761 omnes
1888 2705 2091 2761 laetitia
2128 2704 2270 2761 affl-

445 2782 549 2843 cit.
601 2780 748 2841 Tum
789 2778 950 2845 'fumi
1009 2784 1406 2843 incendiorum
1456 2790 1652 2859 'procul
1716 2785 2101 2856 videbantur,
2152 2802 2272 2861 que

509 2988 580 3039 52
643 2982 864 3031 Verius.
886 2991 940 3030 ut
973 2998 1078 3033 non.
1097 2980 1330 3035 >Malim
1455 2992 1527 3043 54
1588 2979 1916 3034 consedisse.)
1963 2984 2139 3031 Castra
2183 2992 2271 3043 po-

448 3048 535 3091 non
562 3042 758 3090 deleri:
793 3045 1002 3104 autlegi
1037 3060 1092 3091 ne
1117 3062 1247 3105 non,
1273 3060 1326 3094 v.
1392 3047 1575 3095 suisset
1596 3050 1714 3094 utl.
1738 3056 1787 3094 2.
1805 3058 1916 3105 cap.
1938 3056 2021 3093 11.
2046 3052 2164 3093 sect.
2190 3053 2273 3096 21.

444 3105 521 3151 Cl
547 3106 770 3153 Perizon.
796 3108 859 3153 ad
883 3108 1102 3155 Minerv.
1130 3122 1178 3167 p.
1204 3120 1325 3170 915·
1391 3108 1499 3158 es.
1523 3118 1643 3157 sect.
1667 3110 1809 3157 16.l.
1832 3123 1886 3156 v.
1925 3122 1968 3157 c.
1995 3110 2045 3156 6.
2067 3118 2186 3157 sect.
2217 3109 2267 3157 6.

513 3177 576 3225 53
613 3174 724 3215 Rem
734 3176 983 3227 gestamin
995 3177 1307 3219 Eburomhus.
1309 3176 1329 3225 >
1384 3177 1675 3231 comedin&
1700 3182 1869 3220 castra
1896 3165 2177 3221 communiit-
2206 3174 2269 3221 Et

447 3228 578 3276 Cum
599 3230 789 3278 Titurio
813 3232 1019 3293 sabino,
1045 3243 1098 3283 et
1117 3239 1326 3283 Aurun-
1388 3236 1562 3283 Livius
1604 3248 1653 3283 v.
1698 3244 1779 3295 39.
1818 3238 1951 3283 Gaui
1988 3238 2115 3283 inter
2156 3240 2265 3282 Ro-

441 3290 610 3345 culejo
633 3296 816 3350 cotta,
839 3302 1068 3357 utroque·
1072 3308 1220 3347 caeso.
1242 3302 1327 3349 Su·
1384 3314 1545 3361 mam,
1595 3308 1737 3365 atque
1780 3302 2001 3350 munem
2044 3300 2267 3351 consede·

443 3356 542 3418 1²1²
566 3361 676 3415 ‘³21’-
703 3366 787 3416 13.
811 3366 934 3409 sect·
961 3363 1046 3409 28.
1063 3372 1171 3423 seq.
1382 3378 1458 3415 re.
2212 3398 2220 3402 -
