2459 3834
849 89 1002 150 Lm.
1051 87 1126 144 A.
1171 81 1445 140 mRTn.
1824 139 1829 144 .
1908 97 2061 174 499

235 176 432 234 consul
471 169 801 246 esLilybaeo
844 172 903 236 in
955 185 1126 224 naves
1178 171 1470 225 onerarias
1523 167 1770 241 imponit
1804 171 2057 248 legiones

235 273 366 311 xm.
389 295 409 326 ,
438 267 497 309 et
527 273 643 310 ειν.
668 291 688 324 ,
717 266 776 306 et
805 251 1024 324 equites
1055 245 1256 302 Gallos
1288 266 1441 304 neec.
1465 289 1483 319 ,
1529 248 1877 308 funditorum
1904 295 1921 325 ,
1953 275 2059 313 sa..

236 325 717 408 gittariorumque
743 331 941 398 milles,
971 345 1038 384 ac
1065 329 1367 388 secundum
1400 345 1780 386 commeatum
1800 334 1865 387 in
1894 336 2057 394 Afri·

237 431 361 468 cam
397 413 579 468 mittit
614 413 684 472 ad
720 407 1018 464 Caesarem.
1053 405 1187 480 Quae
1224 423 1395 465 naves
1424 447 1441 477 ,
1471 423 1703 472 ventum
1752 417 2057 472 secundum

238 507 457 564 nactae,
487 505 692 565 quarta
725 490 820 543 die
860 490 919 542 in
969 502 1192 560 portum
1236 489 1304 539 ad
1336 489 1648 557 Ruspinam
1674 529 1690 558 ,
1744 491 1833 545 ubi
1864 491 2057 551 Caesat·

235 586 426 630 castra
463 574 734 625 habuerat
758 609 775 639 ,
820 569 1131 622 incolumes
1178 581 1570 635 pervenerunt.
1605 568 1693 623 lta
1723 565 1912 625 Caesar
1943 575 2061 630 du..

236 653 375 724 plici
411 653 720 721 laetitia,ac
752 653 1046 719 voluptate
1075 663 1186 700 uno
1217 660 1476 717 tempore
1501 661 1719 717 auctus,
1744 647 2058 728 frumento,

235 732 575 804 auxiliisque
619 729 866 784 tamdem
911 727 1024 781 suis
1053 726 1389 788 exhilaratis
1425 766 1442 796 ,
1490 743 1833 802 annonaeque
1863 734 2057 790 levata

238 811 671 879 sollicitudine,
700 806 934 879 deponit
985 805 1278 879 legiones,
1326 805 1658 879 equitesque
1697 823 1765 861 ex
1817 811 2056 870 navibus

177 943 182 949 ,
239 905 493 962 egressos
519 889 671 962 jubet
693 905 763 942 ex
796 891 1062 959 languore
1085 925 1104 956 ,
1137 901 1451 958 nauseaque
1481 885 1760 958 reficere3
1790 889 2057 949 dimissos

240 967 301 1023 in
333 973 565 1024 castella
588 967 1088 1040 ,munitionesque
1110 965 1383 1036 disponit.
1411 963 1629 1037 Quibus
1654 964 1816 1021 rebus
1838 966 2053 1044 Scipio,
2097 982 2171 1046 35

241 1049 446 1122 quique
477 1067 602 1103 cum
633 1065 704 1104 eo
734 1058 922 1110 essent
951 1044 1189 1101 comites
1216 1083 1234 1114 ,
1278 1045 1519 1115 mirari,
1549 1057 1609 1100 et
1644 1047 1955 1121 requirere,
1978 1049 2051 1106 C.
2113 1051 2119 1055 ”
2160 1043 2169 1054 ’

240 1125 543 1200 Caesarem,
565 1127 659 1202 qui
695 1130 845 1182 ultro
875 1123 1196 1186 consuesset
1219 1121 1427 1178 bellum
1458 1123 1782 1196 inferre,ac
1810 1129 2055 1184 lacesse.

239 1223 304 1262 re
336 1209 528 1280 praelio
552 1247 569 1277 ,
599 1206 787 1262 subito
818 1215 1226 1260 commutatum
1278 1219 1387 1259 non
1446 1204 1569 1258 sine
1609 1219 1814 1278 magno
1852 1209 2056 1273 consi·

241 1287 324 1350 lio
353 1287 798 1366 suspicabantur.
848 1285 1047 1357 Itaque
1095 1299 1165 1337 ex
1205 1281 1321 1355 ejus
1366 1282 1647 1354 patientia
1678 1283 1736 1336 in
1788 1301 2053 1360 magnum

244 1366 512 1436 timorem
543 1365 827 1444 conjecti,
870 1380 941 1419 ex
987 1360 1226 1418 Gaetulis
1280 1362 1460 1433 duos,
1498 1377 1641 1435 quos
1686 1364 2062 1422 arbitraban-

243 1456 338 1502 tur
368 1447 482 1501 suis
514 1446 676 1512 rebus
715 1442 1090 1499 amicissimos
1113 1481 1131 1511 ,
1162 1443 1383 1514 magnis
1430 1440 1676 1513 praemiis
1701 1481 1720 1511 ,
1755 1445 2062 1514 pollicita-

243 1525 606 1600 tionibusque
648 1523 999 1602 propositis,
1051 1538 1153 1594 pro
1202 1520 1495 1593 perfugis,
1552 1524 1875 1592 speculandi
1917 1543 2063 1598 gra-

243 1604 451 1676 tia‚in
482 1603 721 1666 Caesaris
763 1615 952 1658 castra
983 1599 1219 1669 mittunt
1254 1639 1270 1670 ‚
1311 1600 1407 1673 qui
1468 1599 1633 1654 simul
1686 1617 1753 1656 ac
1813 1603 1881 1656 ad
1934 1622 2062 1664 eum

243 1698 373 1739 sunt
403 1685 634 1740 deducti
659 1722 678 1754 ,
723 1682 1010 1756 petierunt
1032 1721 1050 1751 ,
1077 1693 1140 1735 ut
1171 1680 1279 1734 sibi
1309 1680 1509 1744 liceret
1542 1679 1665 1746 sine
1688 1683 1939 1750 periculo
1964 1701 2062 1740 ve·

242 1779 309 1818 ra
342 1766 619 1838 proloqui.
653 1762 947 1820 Potestate
975 1761 1130 1816 facta
1150 1798 1171 1829 ,
1214 1798 1255 1830 „
1279 1757 1675 1831 Saepenumero
1707 1798 1725 1830 ,
1778 1763 2062 1838 inquiunt,

237 1843 609 1916 Imperator,
652 1843 970 1914 complures
1009 1837 1264 1908 Gaetuli,
1308 1839 1405 1912 qui
1456 1854 1643 1892 sumus
1696 1839 1934 1908 clientes
1990 1842 2063 1918 C..

241 1920 466 1994 Marii,
499 1935 557 1978 et
604 1923 1009 1998 propemodum
1041 1935 1237 1975 omnes
1266 1919 1421 1972 cives
1444 1918 1688 1974 Romani
1713 1959 1732 1989 ,
1782 1921 1879 1993 qui
1930 1935 2062 1979 sunt

241 2000 304 2055 in
335 2006 559 2077 legione
586 2021 664 2058 ιν.
689 2042 708 2073 ,
750 2015 809 2056 et
841 2019 922 2054 vi.
952 2000 1024 2054 ad
1060 2013 1117 2054 te
1147 2001 1428 2052 voluimus
1452 2035 1471 2067 ,
1507 1998 1568 2052 in
1621 2010 1825 2070 tuaque
1854 2003 2060 2072 praesi-

241 2079 336 2135 dia
381 2083 720 2156 confugere3
751 2082 845 2136 sed
888 2079 1165 2144 custodiis
1207 2079 1463 2153 equitum
1488 2075 1908 2152 Numidarum,
1947 2099 2061 2155 quo

239 2159 299 2214 id
326 2162 447 2216 sine
479 2164 732 2236 periculo
763 2162 947 2216 minus
988 2161 1304 2214 faceremus
1325 2198 1341 2228 ‚
1380 2156 1878 2229 impediebamur·;
1910 2179 2059 2216 nunc

240 2239 378 2296 data
426 2241 701 2296 facultate
745 2258 847 2313 pro
889 2239 1336 2311 speculatoribus
1367 2236 1524 2290 missi
1558 2252 1590 2288 a
1623 2233 1891 2308 Scipione
1921 2279 1940 2310 ,
1984 2241 2059 2296 ad

241 2331 302 2374 te
350 2321 715 2392 cupidissime
768 2319 1020 2374 venimus
1046 2355 1065 2388 ‚
1115 2331 1173 2371 ut
1229 2315 1675 2390 perspiceremus
1702 2354 1723 2387 ,
1776 2334 1903 2388 num
1936 2337 2057 2393 qun

237 2395 438 2469 fossae,
477 2414 574 2455 aut
616 2400 834 2454 insidiae
887 2397 1209 2469 elephantis
1268 2410 1401 2458 ante
1459 2410 1646 2453 castra
1678 2434 1698 2469 ,
1752 2399 2057 2474 portasque

233 2480 377 2534 valli
422 2477 584 2533 factae
633 2491 819 2533 essent
851 2518 869 2548 ,
899 2478 1174 2550 simulque
1202 2477 1444 2542 consilia
1473 2489 1667 2538 vestra
1697 2491 1898 2534 contra
1929 2497 2056 2536 eas-

232 2555 364 2612 dem
403 2558 618 2614 bestias
638 2599 657 2629 ,
679 2558 1303 2630 comparationemque,
1325 2572 1517 2630 pugnae
1570 2571 2053 2633 cognosceremus,

230 2649 403 2710 atque
446 2638 497 2692 ei
534 2639 1056 2693 renuntiaremus&
1105 2635 1219 2708 Qui
1254 2635 1562 2699 collaudati
1595 2651 1627 2687 a
1659 2633 1913 2708 Caesare,
1941 2641 2051 2694 sti-

228 2717 552 2790 pendioque
580 2719 778 2773 donati
802 2757 820 2787 ,
847 2717 918 2784 ad
951 2717 1200 2790 reliquos
1223 2715 1487 2789 perfugas
1514 2713 1888 2788 deducuntur,
1912 2735 2055 2789 quo-

229 2811 354 2850 rum
405 2798 726 2852 orationem
765 2797 1032 2850 celeriter
1063 2797 1282 2862 veritas
1322 2793 1764 2863 comprobavit3
1813 2811 2055 2870 namque

230 2889 460 2946 postero
489 2878 585 2931 die
613 2893 682 2932 ex
714 2875 1030 2948 legionibus
1053 2875 1127 2930 iis
1149 2915 1167 2946 ,
1197 2891 1333 2947 quas
1354 2871 1565 2927 Gaetuli
1592 2873 2049 2948 nominaverant,
2106 2927 2111 2932 .

229 2953 450 3010 milites
499 2956 801 3030 legionarii
830 2957 1144 3029 complures
1173 2953 1506 3026 a'Scipione
1534 2953 1593 3006 in
1634 2966 1822 3008 castra
1852 2951 2050 3030 Caesa-

232 3033 315 3090 ris
362 3034 747 3112 pei-fugerunt.
969 3043 974 3048 “
