2459 3834
1792 4 1835 8 ψη
1850 4 1869 6 v-
1888 4 1905 8 ,.-
1928 4 1933 6 -
1958 4 1965 6 -
2044 4 2047 6 v
2106 2 2123 8 -.
2140 4 2177 7 ---
2218 2 2395 11 *vv—*fi

460 69 567 150 94
976 70 1077 123 DE
1112 70 1372 127 „nuno
1407 70 1750 126 Gannico

460 163 525 215 te
575 148 864 243 subjecte
856 188 877 223 ‚
920 163 983 210 et
1006 168 1140 211 cum
1170 153 1328 209 omni
1353 168 1526 226 opere
1551 152 1862 240 conjuncte
1881 190 1902 225 ,
1927 151 2071 211 vim
2085 150 2312 211 fiumi-

460 232 554 289 nis
576 232 935 305 exciperent,
960 242 1019 288 et
1047 234 1171 290 aliae
1198 234 1340 290 item
1370 248 1538 305 supra
1571 236 1799 307 pontem
1831 234 2117 291 mediocri
2143 250 2306 307 spa-

462 310 578 375 tio:
614 325 706 382 ut,
733 313 785 370 si
808 311 1077 370 arborum
1119 313 1338 382 trunci,
1365 313 1490 369 sive
1517 328 1694 369 naves
1715 312 2074 387 ,dejiciendi
2096 316 2308 387 operia

462 406 664 462 causa,
696 403 884 449 essent
907 408 942 445 a
983 391 1238 450 barbaris
1285 392 1502 464 misse,
1532 392 1624 449 bis
1651 392 1917 449 defensor
1931 392 2057 452 ibus
2093 410 2308 451 enum

462 486 656 536 rerum
685 471 777 529 vis
814 472 1167 532 minueretur
1184 510 1209 545 ,
1247 488 1358 531 neu
1401 472 1562 547 ponti
1589 484 1886 531 nocerent.
2119 487 2130 512 ¹

956 610 963 613 ·
1106 589 1163 651 C
1188 590 1246 653 A
1276 590 1326 649 P
1352 590 1408 649 U
1439 592 1510 649 Τ
1551 592 1630 649 X.

463 706 766 767 Exercitu
800 707 1167 780 transducto,
1189 704 1390 770 Caesar
1419 708 1480 765 in
1499 705 1658 781 finer
1679 704 2104 767 sicambrorum
2137 723 2288 765 con-

464 788 705 860 tendit,
750 788 829 845 ad
875 804 1036 865 quem
1078 788 1282 861 plnres
1339 786 1534 867 legati
1589 790 1863 846 veniunt:
1907 806 2031 850 cum
2053 787 2130 846 S
2106 806 2288 845 ecam-

464 866 562 927 lm·
600 884 665 927 se
693 868 754 924 in
802 866 991 926 silvas
1052 868 1510 941 absconderent,
1547 865 1746 927 Caesar
1791 870 1854 925 in
1897 866 2051 940 fines
2089 868 2286 929 Ubio-

641 964 764 1005 rum
808 964 873 1007 se
928 949 1167 1023 recipit:
1164 988 1193 1020 ,
1251 948 1348 1024 qui
1403 949 1462 1007 ei
1513 949 1766 1025 φωράσω
1817 949 2122 1027 detegunt.

1092 1028 1250 1085 Pons
1286 1028 1661 1087 rescinditur.

358 1188 428 1250 18
470 1234 477 1241 .
548 1124 841 1249 Diebus
860 1189 1057 1247 decem
1070 1229 1093 1260 ,
1111 1185 1314 1263 quibus
1339 1166 1582 1262 materia
1605 1199 1794 1264 eoepta
1811 1197 1941 1245 erat
1958 1199 2290 1277 comporta-

465 1269 542 1341 ri,
562 1270 721 1326 omni
748 1286 919 1344 opere
949 1268 1176 1341 effecto,
1194 1270 1478 1328 exercitus
1503 1269 1907 1326 transducitur.
1951 1262 2167 1325 Caesar
2158 1310 2178 1341 ‚
2211 1269 2288 1325 ad

466 1362 763 1425 utramque
780 1362 1006 1421 partem
1030 1350 1221 1424 pontis
1244 1346 1410 1407 firmo
1436 1349 1695 1423 praesidio
1717 1348 2018 1422 relicto,in
2038 1346 2178 1405 fines·
2187 1346 2288 1404 Si-

427 1430 827 1511 cambi-orum
850 1430 1165 1493 contendit.
1206 1428 1447 1485 Interim
1477 1444 1512 1486 a
1545 1429 1930 1501 compluribus
1955 1428 2294 1486 civitatibus

462 1504 542 1577 ad
564 1528 693 1567 eum
716 1510 893 1584 legati
916 1511 1175 1580 veniunt,
1192 1508 1394 1583 quibus
1427 1524 1642 1583 pacem,
1661 1521 1837 1583 atque
1851 1508 2170 1565 amicitiam
2197 1526 2292 1601 pe-

468 1590 747 1661 tentibus,
767 1590 1083 1648 liberaliter
1104 1587 1430 1661 respondet,
1449 1588 1780 1662 obsidesque
1797 1588 1870 1646 ad
1891 1604 1952 1647 se
1973 1588 2228 1645 adduci
2207 1607 2296 1663 Ju-

467 1666 597 1733 bet.
618 1666 900 1723 Sicambri
930 1685 1000 1727 ex
1026 1684 1097 1729 eo
1140 1682 1403 1741 tempore
1423 1705 1443 1738 ,
1471 1684 1582 1743 quo
1629 1684 1766 1741 pons
1807 1668 2037 1727 institui
2073 1680 2300 1743 coeptus

469 1761 591 1821 est,
608 1744 746 1825 fuga
770 1762 1136 1823 comparata,
1158 1748 1517 1805 hortantibus
1555 1747 1664 1819 iis,
1691 1765 1830 1823 quos
1866 1765 1938 1805 ex
1969 1747 2298 1821 Tencteris,

468 1841 645 1903 atque
664 1826 999 1901 Usipetibus
1018 1827 1167 1901 apud
1194 1844 1258 1886 se
1287 1828 1604 1900 habebant,
1632 1826 1836 1885 finibus
1874 1828 2000 1885 suis
2027 1844 2297 1883 excesse-

471 1920 605 1963 rant
620 1924 867 1982 ‚suaque
894 1908 1086 1966 omnia
1114 1919 1598 1981 exportaverant,
1625 1924 1796 1981 seque
1820 1907 1880 1963 in
1909 1902 2330 1979 solitudinem,

364 2015 439 2072 ¹9
470 2004 548 2043 ac
578 1987 753 2043 silvas
778 1987 1133 2045 abdiderant.
1162 1984 1353 2046 Caesar
1385 2003 1591 2061 paucos
1627 1987 1796 2046 dieo
1779 2004 1843 2044 ιιι,
1871 2004 2066 2045 eorum
2097 1985 2306 2042 finibus

469 2079 773 2139 moratus,
795 2067 1053 2130 omnibus
1070 2068 1260 2139 vicis,
1289 2066 1694 2143 aedificiisque
1678 2084 1948 2139 incensis,
1967 2066 2306 2123 frumentis-

468 2164 591 2221 que
618 2145 894 2219 succisis,-
920 2165 981 2205 se
1023 2148 1079 2191 ¹⁷
1126 2148 1185 2203 in
1211 2144 1358 2205 fines
1391 2146 1698 2206 Ubiorum·
1691 2148 1974 2221 ·recepit·
1999 2158 2171 2221 atque
2211 2145 2306 2201 his

476 2227 754 2293 auxilium
792 2244 954 2285 suum
984 2228 1274 2301 pollicitus
1295 2266 1316 2299 ,
1347 2228 1396 2285 si
1427 2245 1462 2283 a
1493 2226 1694 2287 Suevis
1727 2239 2153 2301 premerentur,
2185 2224 2306 2280 baec

476 2296 553 2371 ab
602 2306 675 2363 iis
725 2309 1043 2382 cognovit.
1097 2308 1312 2369 Suevos
1345 2347 1366 2381 ,
1408 2320 1706 2382 postquam
1759 2324 1858 2382 per
1914 2308 2305 2379 exploratores

476 2399 715 2459 pontem
757 2386 884 2446 fieri
938 2389 1354 2462 comperissent
1385 2427 1405 2459 ,
1463 2405 1622 2445 more
1659 2404 1762 2445 suo
1812 2386 2048 2446 consilio
2085 2385 2305 2455 habite,

478 2466 713 2523 nunt-ios
756 2468 819 2525 in
859 2485 1053 2525 omnes
1087 2478 1278 2541 partes
1314 2468 1601 2525 dimisisse
1625 2504 1646 2540 ,
1684 2467 1772 2523 uti
1811 2467 1884 2523 de
1923 2466 2150 2539 oppidis
2189 2464 2306 2519 de·-

478 2548 837 2620 migrarent,
869 2548 1119 2619 liberos‚
1150 2564 1392 2619 uxores,
1431 2564 1637 2621 suaque
1676 2547 1869 2603 omnia
1897 2546 1962 2601 in
1995 2546 2162 2602 silvis
2191 2544 2296 2599 de-

478 2638 803 2701 ponerent,
830 2640 999 2701 utque
1028 2645 1223 2685 omnes
1243 2666 1264 2719 ’‚
1293 2628 1404 2701 qui
1420 2643 1578 2683 arma
1608 2626 1791 2684 ferrre
1823 2638 2096 2699 possent,
2121 2639 2296 2681 ιιιιιιιιι

388 2764 391 2769 ,
477 2706 541 2762 in
568 2709 754 2763 locum
784 2710 1206 2764 convenirent:
1251 2707 1399 2763 hunc
1427 2723 1552 2763 esse
1579 2706 1868 2765 deiectum
1897 2705 2146 2765 medium
2175 2704 2298 2759 fere

478 2787 779 2861 regionum
815 2804 1007 2843 earum
1027 2828 1055 2859 ,,
1088 2804 1222 2869 quas
1251 2786 1422 2843 suevi
1451 2786 1819 2849 obtinerent.
1865 2786 1948 2843 ibi
1993 2784 2302 2843 Romano·

476 2882 607 2923 rum
634 2867 942 2923 adventum
970 2881 1324 2944 exspectare,
1335 2879 1517 2941 atque
1546 2866 1632 2923 ibi
1653 2867 1948 2923 decertare
1967 2864 2304 2923 constituis·-

548 3037 643 3091 17
676 3030 873 3079 Infines
894 3030 1107 3075 Ubiorum
1132 3042 1186 3075 se
1216 3042 1352 3076 rece-
1414 3035 1642 3087 pontem
1665 3024 1834 3086 ipsum
1859 3024 1926 3073 ad
1950 3024 2106 3073 Ubios
2131 3022 2304 3084 perti-

476 3092 574 3149 pit.
594 3092 613 3141 )
636 3083 786 3149 'Quia
827 3091 1075 3149 Ubiorum
1118 3091 1353 3151 precibus
1418 3090 1582 3138 nuisse
1609 3101 1706 3136 non
1731 3088 2030 3147 dubitatur,
2067 3090 2152 3135 sed
2199 3097 2306 3147 quo

480 3162 559 3199 est
586 3154 827 3202 transitus
853 3154 903 3200 in
920 3156 1248 3201 Germaniam
1271 3152 1356 3201 fa·
1417 3155 1570 3212 ioco,
1609 3161 1662 3200 et
1715 3160 1897 3212 parte,
1945 3149 2153 3200 definiri
2197 3158 2302 3199 non

468 3226 615 3271 ctus,
638 3228 749 3274 cap.
766 3226 815 3272 9.
838 3227 958 3265 sect.
983 3218 1061 3265 16
1086 3228 1139 3265 et
1164 3230 1295 3264 nunc
1317 3230 1350 3267 a
1421 3223 1617 3279 potest,
1648 3224 1850 3267 tacente
1877 3187 2111 3267 instoria-

468 3276 739 3325 Sicambris
780 3278 835 3327 in
860 3277 1015 3328 Ubios
1048 3280 1353 3329 revertitur.
