2459 3834
598 223 604 228 ,
907 155 1059 208 ΜΒ.
1098 153 1169 209 Α.
1199 154 1475 208 anu.
1937 137 2091 234 469

253 237 377 292 buit
426 241 484 282 9²
544 235 644 309 qui
692 235 793 291 sub
839 235 957 309 ejus
996 235 1245 307 imperio
1273 273 1296 305 ,
1341 251 1411 290 ac
1469 232 1696 291 ditione
1738 249 1926 299 esset:
1966 243 2092 314 ipse

250 317 367 374 iter
407 329 656 390 coeptum
700 316 881 372 simili
912 317 1221 372 velocitate
1256 312 1544 371 conficere
1571 315 1770 390 coepit.

252 533 258 541 ἡ
316 485 384 537 92
445 480 633 534 ,Quisnb
645 479 854 535 imperio,
866 476 1126 524 aodeditio-
1190 487 1254 524 ue
1295 473 1466 524 turbas
1493 475 1790 526 Ariarathes
1834 485 2090 537 moveret‚'

255 555 310 587 ne
328 539 856 594 esset.)Rhellicanus
879 541 1024 597 EJUS
1060 539 1128 585 in·
1192 541 1360 586 Caesar
1425 539 1576 586 illum
1635 541 1942 590 auctoritate
1993 556 2086 592 sua

251 609 567 660 terpretatur
592 605 827 650 Caesaris-2
852 601 1130 648 Goduiuus.
1194 600 1376 657 majori
1427 601 1578 650 fratri
1603 616 1626 662 ,‘
1664 616 1817 665 quem
1877 614 2084 656 senatus

248 667 597 714 Ariobarzanis
612 666 749 726 quod
767 671 992 724 praestat,
1011 677 1133 712 uam
1197 664 1610 726 confirmaverat,
1651 664 1878 725 subiecit.

860 803 1241 862 CAPUT
1331 807 1490 864 XXI.

254 963 478 1024 Caesari
522 967 709 1024 Ponto
752 966 1237 1042 appropinquanti
1278 966 1416 1024 Rex
1445 968 1772 1038 Deiotarus
1813 970 2084 1046 supplex,

248 1049 502 1120 occurrit
530 1088 549 1120 ‚
588 1047 819 1104 veniam
848 1057 1062 1119 petens
1094 1085 1113 1118 ,
1160 1048 1307 1124 quod
1347 1048 1407 1104 in
1444 1049 1662 1104 castris
1685 1046 1790 1105 Cn.
1815 1049 2082 1124 Pompeii

233 1121 451 1196 fuerit.
484 1128 815 1184 Pharnaces
844 1141 1051 1201 quoque
1073 1124 1306 1203 legatos
1327 1127 1406 1184 ad
1429 1127 1614 1200 ipsum
1635 1130 1826 1185 mittit
1847 1134 2081 1187 veniam

239 1211 537 1280 petitumz,
565 1206 797 1282 utrique
818 1203 1017 1262 Caesar
1039 1206 1330 1284 ignat-cin
1359 1208 1466 1262 sed
1495 1207 1786 1264 Pharnaci
1812 1208 2084 1268 nonnulla

294 1285 562 1363 imperat.
593 1286 929 1342 Pharnaces
956 1282 1209 1343 Caesaris
1227 1285 1530 1358 postulata
1549 1284 1909 1363 frustratur,
1929 1311 2038 1369 qua

528 1382 595 1425 re
620 1365 858 1444 cognita
884 1363 1081 1422 Cesar
1120 1383 1184 1422 se
1213 1367 1293 1421 ad
1315 1377 1573 1468 pugnam
1596 1377 1798 1439 parat.

336 1459 540 1586 Cum
593 1527 825 1600 propius
852 1523 1096 1581 Pontum
1121 1564 1139 1596 ,
1178 1522 1429 1598 finesque
1459 1518 1848 1601 Gallograeciae
1877 1547 2082 1591 acces-
2120 1532 2201 1610 ⁶⁷

250 1613 460 1680 sisset,
500 1607 806 1682 Deiotarus
836 1605 1184 1660 Ten-arches
1224 1602 1616 1678 Gallograeciae
1667 1620 1801 1663 tunc
1851 1613 2080 1684 quidem

254 1709 398 1764 pene
430 1691 605 1747 totius
628 1729 647 1760 ‚
674 1686 825 1758 quod
854 1686 908 1740 ei
944 1701 1119 1758 neque
1150 1685 1370 1759 legibus
1390 1725 1410 1756 ,
1443 1703 1622 1758 neque
1651 1688 1903 1745 moribus
1933 1709 2084 1748 con-

250 1789 470 1828 cessum
504 1785 623 1824 esse
660 1766 852 1822 caeteri
880 1763 1213 1820 Tetrarchae
1255 1765 1720 1837 contendebant,
1757 1769 1881 1824 sine
1909 1772 2082 1832 dubio

253 1867 445 1908 autem
476 1865 576 1904 rex
604 1845 890 1902 Armeniae
931 1843 1182 1920 Minoris
1220 1845 1294 1899 ab
1331 1842 1547 1900 Senatu
1585 1848 1902 1918 appellatus
1923 1890 1942 1921 ,
1968 1855 2084 1910 de..

257 1932 462 2004 positis
502 1927 655 1996 regis
704 1924 1018 1998 insignibus
1044 1963 1063 1996 ,
1115 1939 1299 1996 neque
1347 1935 1571 1980 tantum
1614 1927 1846 1997 privato
1897 1934 2080 1988 vesti·
2171 1992 2174 1998 ,

256 2021 319 2066 tu
342 2051 361 2083 ‚
396 2009 495 2066 sed
537 2008 713 2062 etiam
738 2019 963 2060 reorum
1008 2003 1205 2060 habitu
1228 2041 1249 2076 ,
1285 2005 1521 2076 supplex
1561 2003 1636 2058 ad
1665 2002 1949 2065 Caesarem
1975 2029 2080 2068 ve-

249 2092 381 2159 nit,
427 2100 653 2146 oratum
679 2125 700 2159 ‚
754 2085 873 2139 “ut
917 2083 1031 2139 sibi
1071 2084 1436 2156 ignosceret,
1475 2084 1628 2157 quod
1679 2084 1742 2140 iu
1793 2103 1861 2142 ea
1913 2107 2090 2160 parte·

250 2171 467 2242 positus
508 2179 790 2222 terrarum
815 2204 834 2234 ‚
884 2179 1003 2236 quae
1055 2164 1207 2217 nulla
1258 2162 1522 2234 praesidia
1561 2161 1804 2244 Caessris
1847 2167 2080 2226 habuis-

248 2263 360 2319 set,
388 2245 757 2314 exercitibus,
804 2242 1173 2316 imperiisque
1202 2241 1263 2296 in
1293 2239 1404 2299 Cn.
1431 2239 1688 2318 Pompeii
1715 2248 1920 2302 castris
1941 2248 2084 2304 fuis·-

250 2340 362 2395 set,
392 2342 571 2398 neque
590 2324 745 2380 enim
776 2339 835 2378 se
852 2321 1096 2395 judicem
1125 2319 1389 2377 debuisse
1414 2337 1538 2376 esse
1557 2327 2075 2384 controversiarum

250 2406 442 2478 populi
472 2403 763 2474 Romani3
790 2403 889 2458 sed
920 2416 1117 2473 parere
1146 2399 1516 2472 praesentibus
1543 2400 1821 2474 Imperiis.
1863 2404 2078 2465 Contr'a
2119 2400 2197 2458 68

247 2501 407 2562 quem
430 2482 649 2555 θεων,
667 2497 795 2537 curn
816 2481 1059 2555 plurima
1088 2496 1187 2536 sua
1204 2495 1705 2537 commemorasset
1723 2481 1940 2558 officia,
1961 2505 2084 2560 quae

246 2567 441 2622 consul
472 2564 531 2619 ei
551 2563 799 2619 decretis
824 2560 1064 2635 publicis
1086 2558 1401 2616 tribuisset:
1428 2575 1671 2635 cumque
1689 2562 2080 2624 defensionem

246 2643 364 2719 effus
412 2645 621 2699 nullam
684 2655 847 2714 posse
897 2639 1322 2696 excusationem
1371 2640 1768 2714 imprudentia
1823 2647 2087 2718 recipere⁴

245 2723 637 2800 coarguisset:
687 2722 836 2794 quod
878 2720 1051 2776 homo
1110 2731 1274 2776 tante
1304 2719 1660 2793 prudentiae,
1709 2738 1778 2777 ac
1820 2725 2086 2800 diligen-

243 2805 342 2860 tiae
370 2804 521 2860 scire
553 2802 864 2876 potuisset,
884 2801 1011 2872 quis
1040 2799 1238 2856 urbem
1258 2837 1280 2872 ,
1308 2799 1652 2874 Italiamque
1683 2812 1906 2860 teneret
1934 2821 1950 2860 ε
1987 2799 2106 2864 ubi⁸

246 2883 531 2954 Senatus,
574 2883 919 2954 populusque
959 2879 1250 2936 Romanus
1280 2918 1301 2951 ,
1359 2878 1456 2934 ubi
1512 2879 1855 2954 Respublica
1911 2899 2084 2944 esset:

248 2965 373 3038 quis
402 2964 611 3018 deinde
644 2974 773 3033 post
800 2959 869 3016 L.
900 2959 1205 3016 Lentulum
1227 2998 1248 3032 ,
1281 2955 1348 3014 C.
1375 2956 1715 3016 Marcellum
1757 2967 1948 3019 consul
1979 2981 2085 3020 es·-

244 3058 371 3100 set:
422 3055 614 3098 tamen
668 3057 729 3096 se
776 3037 1091 3097 concedere
1148 3039 1209 3094 id
1273 3038 1490 3096 factum
1533 3041 1919 3112 superioribus
1959 3047 2076 3102 suis

251 3121 565 3194 beneficis,
604 3121 790 3177 veteri
835 3117 1151 3191 hospitioP,
1198 3132 1370 3192 atque
1418 3120 1732 3189 amicitiae,
1786 3121 2087 3197 dignitati,

250 3202 613 3276 aequitatique
644 3201 894 3258 hominis
916 3199 1213 3272 „precibus
1235 3216 1454 3270 eorum,
1483 3201 1580 3272 qui
1607 3199 1930 3278 frequentes
1951 3219 2091 3262 con-

254 3284 566 3338 currissent
593 3283 849 3352 hospites
873 3319 892 3350 ,
932 3295 1103 3340 atoue
1142 3281 1318 3335 amici
1351 3279 1618 3354 Deiotari
1663 3285 1735 3334 ad
1772 3283 2090 3353 deprecan.

255 3361 434 3439 dum;
462 3363 536 3420 de
574 3360 963 3421 controversis
1002 3358 1451 3418 'tetrarcharum
1497 3374 1695 3434 postea
1721 3378 1782 3420 se
1813 3364 2092 3438 cognitu—
