2459 3834
347 142 498 214 502
851 146 954 197 ma
1005 144 1245 195 nuno
1280 140 1658 197 Aratcsno

340 237 452 296 que
494 224 746 297 equestri
806 224 1086 279 instructa
1125 263 1146 293 ,
1213 240 1248 279 a
1299 226 1413 279 suis
1470 218 1881 278 munitionibus
1924 220 2166 281 circiter

341 316 538 373 passus
591 307 747 358 mille
801 304 1242 375 progrediuntur
1272 342 1294 375 ‚
1342 298 1403 347 ⁶⁴
1454 304 1883 374 pedestremquc
1933 305 2166 373 copiam

344 379 406 435 in
457 386 700 439 sesunda
729 385 854 437 acie
904 383 1086 437 minus
1121 399 1311 455 passus
1338 402 1400 436 M.
1452 397 1487 435 a
1534 382 1741 437 castris
1764 381 1885 455 suis
1932 384 2165 437 consti-

223 482 303 541 39
347 472 530 519 tuunt.
579 460 770 517 Caesar
799 462 860 517 in
891 479 1063 535 opere
1089 464 1327 517 -milites
1356 457 1698 532 adhortari,
1736 476 1915 533 neque
1956 463 2169 517 adver-

342 544 621 595 sariorum
666 528 850 613 copiis’
893 542 1132 597 moveri.
1182 542 1316 613 Jam
1346 558 1485 599 cum
1530 559 1640 597 non
1684 541 1927 610 amplius
1981 541 2167 611 passi-

343 618 443 673 bus
471 640 572 673 mn.
617 622 772 675 inter
827 622 1074 677 hostium
1125 622 1309 676 aciem
1330 636 1358 693 ,·
1394 636 1630 693 suasque
1670 618 2011 675 munitiones
2060 637 2163 675 es-

339 712 410 759 se,
469 700 972 757 animadvertisset
1013 740 1034 772 ,
1090 701 1579 775 intellexissetque
1634 702 1707 754 ad
1766 698 2163 768 impediendos

339 777 558 833 milites
585 796 714 837 suos
734 820 756 849 ,
803 796 862 836 et
893 780 965 836 ab
995 798 1170 854 opere
1207 782 1571 853 depellendos
1595 818 1615 851 ,
1656 779 1879 833 hostem
1931 778 2162 848 propius

338 859 656 930 accedere,
687 875 1024 933 necesseque
1075 862 1310 915 haberet
1360 861 1612 933 legiones
1665 874 1701 912 a
1742 855 2156 913 munitionibus

335 934 656 1007 deducere,
695 941 942 1011 imperat
997 954 1192 995 turmae
1238 940 1663 1012 Hispanorum,
1716 949 1793 1005 ut·
1823 936 1893 991 ad
1950 938 2157 1007 proxi-

291 1088 296 1091 ·
334 1029 490 1071 mum
520 1022 724 1073 collem
781 1035 1026 1091 propere·
1078 1032 1445 1075 accurrerent
1474 1056 1495 1088 ,
1545 1016 1973 1090 praesidiumque
2021 1016 2161 1073 inde

335 1093 750 1167 deturbarent,
777 1100 1074 1171 locumque
1115 1112 1423 1180 caperent:
1452 1094 1762 1169 eodemque
1802 1093 1958 1167 jubet
2007 1096 2153 1152 levis

333 1188 636 1231 armatur-e
685 1193 886 1249 paucos
915 1179 1179 1251 consequi
1209 1178 1477 1235 subsidio.
1520 1175 1635 1250 Qui
1681 1176 1837 1229 missi
1868 1174 2149 1231 celeriter

331 1248 615 1311 Numidas
645 1258 834 1313 adorti
885 1258 1092 1329 partim
1125 1260 1289 1315 vivos
1316 1259 1591 1331 capiunt,
1642 1254 1937 1310 nonnullos
1976 1254 2154 1328 equi-

334 1342 424 1387 tes
473 1335 756 1409 fugientes
814 1341 1413 1407 convulneraverunt,
1467 1339 1705 1409 locoque
1764 1345 1893 1389 sunt
1946 1334 2145 1404 potiti.

330 1406 640 1487 lJostquazn
691 1416 748 1469 id
783 1415 1063 1473 Labienus
1111 1416 1523 1477 animadvertit
1562 1453 1583 1485 ,
1628 1428 1737 1486 quo
1798 1411 2034 1467 celerius
2076 1413 2153 1474 iis
2210 1484 2217 1491 .

329 1494 604 1548 auxilium
647 1494 862 1565 ferret,
895 1513 965 1551 ex
1011 1496 1134 1552 acie
1179 1496 1461 1551 instructa
1511 1492 1799 1568 equitatus
1850 1490 1936 1547 sui
1970 1508 2150 1565 prope

331 1579 516 1626 totuin
579 1574 842 1629 dextrum
903 1592 1076 1632 cornu
1127 1576 1343 1633 avertit
1379 1615 1399 1647 ,
1468 1588 1641 1647 atque
1698 1571 1815 1627 suis
1864 1570 2155 1645 fugienti..

331 1646 434 1705 bus
461 1647 522 1697 ⁶⁵
553 1655 844 1725 suppetias
885 1656 971 1712 ire
1010 1648 1331 1713 contendit.
1376 1654 1545 1729 Quod
1608 1652 1701 1705 ubi
1748 1647 1939 1705 Caesar
1996 1666 2150 1705 con-

330 1732 518 1799 spexit
547 1771 567 1802 ,
639 1732 950 1789 Labienum
1003 1753 1036 1791 a
1107 1738 1223 1793 suis
1276 1735 1463 1807 copiis
1517 1730 1739 1805 lougius
1790 1728 2150 1803 abscessisse,

331 1811 616 1880 equitatus
676 1815 760 1869 sui
831 1816 980 1869 alam
1031 1816 1325 1871 sinistram
1380 1812 1453 1869 ad
1509 1808 1972 1867 intercludendos
2028 1808 2147 1865 ho·-

211 1874 292 1933 40
333 1900 448 1943 stes
507 1892 768 1947 immisit.
833 1893 976 1969 Erat
1015 1894 1077 1947 in
1125 1912 1195 1951 eo
1235 1908 1489 1965 campo,
1538 1892 1632 1947 ubi
1662 1906 1731 1945 ea
1779 1906 1869 1945 res
1899 1890 2151 1962 gereba-

333 1976 423 2018 tur
454 2008 474 2038 ‚
525 1970 661 2024 vitta
693 1988 1036 2045 permagna,
1083 1992 1163 2027 ιν.
1216 1976 1464 2029 turribus
1491 1980 1821 2039 exstructa,
1868 1982 1988 2041 quae
2016 1965 2150 2025 La-

253 2041 256 2063 '
329 2040 480 2099 bieui
529 2064 886 2119 prospectum
933 2052 1323 2124 impediebat,
1354 2070 1423 2108 ne
1456 2057 1643 2125 posset
1674 2050 2150 2123 *animadvertere

327 2122 408 2182 ab,
429 2128 686 2199 equitatu
717 2120 1046 2185 Caesaris⁰se
1079 2132 1402 2188 intercludi.
1430 2131 1633 2204 Itaque
1656 2145 1769 2185 nou
1804 2129 1955 2201 prius
1987 2128 2147 2186 vidit

326 2212 542 2261 turmis
571 2206 609 2279 J
616 2208 868 2281 ulianas,
893 2224 1064 2283 quam
1089 2228 1218 2267 suos
1248 2212 1386 2266 caedi
1426 2227 1461 2265 a
1492 2224 1655 2281 tergo
1694 2208 1889 2264 sensit.
1912 2207 1999 2261 Ex
2028 2225 2147 2280 qua

325 2298 392 2337 re
441 2288 629 2345 subitu
691 2288 748 2343 in
798 2303 1074 2345 terrorem
1123 2291 1401 2347 converso
1451 2284 1707 2361 equitatu
1736 2286 2189 2359 Numidarum,-

325 2369 487 2419 rec'ta
531 2370 588 2421 in
639 2383 826 2423 castra
869 2368 1065 2443 fugere
1111 2372 1453 2425 contendit:
1498 2366 1701 2439 Galli,
1730 2364 2148 2439 Germanique,

325 2444 420 2515 qui
461 2448 792 2501 restiterant
815 2487 834 2518 ,
881 2466 952 2503 ex
1001 2449 1294 2521 superiore
1328 2454 1451 2505 loco
1470 2483 1491 2519 ,
1521 2458 1581 2501 et
1618 2460 1740 2519 post
1770 2458 1993 2519 tergum
2016 2446 2155 2501 cir-

323 2528 612 2578 cumventi
649 2564 668 2592 ,
725 2526 1066 2599 fortiterque
1122 2530 1454 2584 resistentes
1504 2526 1880 2581 conciduntur
1913 2524 2155 2583 uuiver-

321 2601 391 2655 si.
420 2604 588 2676 Quod
645 2604 736 2659 ubi
789 2606 1040 2677 legione-s
1065 2604 1351 2677 Scipionis
1379 2648 1399 2677 ,
1434 2623 1553 2679 quae
1590 2622 1692 2677 pro
1719 2605 1923 2659 castris
1972 2618 2141 2661 erant

317 2678 647 2755 instructae,
695 2686 1267 2758 animadverterunt,
1318 2700 1513 2755 metu,
1550 2701 1618 2738 ac
1684 2696 1903 2737 terrore
1944 2683 2139 2738 obcae-

316 2776 458 2816 catae
487 2802 507 2835 ‚
555 2764 814 2821 onnibus
866 2767 1048 2837 portis
1095 2768 1154 2821 in
1204 2782 1306 2823 suo
1352 2779 1539 2821 castra
1585 2763 1780 2838 fugere
1818 2776 2133 2833 coeperunt.

313 2836 521 2898 Postea
587 2842 852 2914 Scipione
893 2883 912 2914 ‚
964 2845 1188 2919 ejusque
1259 2840 1443 2917 copiis
1508 2857 1711 2913 campo
1756 2881 1777 2913 ,
1855 2843 2135 2899 collibus-

312 2935 422 2991 que
461 2924 818 2994 exturbatis,
871 2936 1044 2997 atque
1091 2925 1150 2979 in
1203 2931 1393 2981 castra
1450 2922 1754 2993 compulsis
1786 2959 1803 2990 ,
1852 2938 1979 2975 cum
2025 2940 2131 2977 re..

310 3002 501 3073 ceptui
542 3000 731 3059 Caesar
761 3005 890 3059 cani
933 3002 1186 3078 jussisset
1215 3035 1235 3075 9
1275 3004 1704 3079 equitatumque
1746 3016 1972 3057 omnem
2023 3002 2126 3055 in-

373 3144 442 3201 64
508 3148 864 3205 Pedes-nemque
924 3150 1117 3203 copiam.
1160 3146 1182 3201 )
1247 3150 1359 3206 cap.
1392 3158 1470 3204 17·
1499 3153 1619 3193 sect.
1644 3156 1729 3203 41.
1760 3152 1811 3190 et
1831 3154 1980 3202 supra
2009 3156 2127 3203 cap.

307 3208 516 3265 copiaS,
533 3209 828 3255 exercitum.
851 3210 984 3255 Raro
1009 3222 1183 3257 exem-
1248 3218 1297 3266 9.
1326 3206 1445 3257 sect.
1475 3220 1559 3269 25.
1578 3218 1808 3259 extremo
1830 3241 1843 3263 ‚
1873 3207 1986 3265 ubi,
2006 3219 2127 3269 quae

303 3270 418 3331 plo,
449 3280 503 3317 ut
523 3282 677 3326 supra
691 3285 746 3316 ς.
767 3284 821 3329 4.
843 3280 961 3317 sect.
990 3283 1068 3318 10.
1244 3270 1605 3325 adnotavimus
1625 3305 1641 3331 ,
1686 3270 1876 3320 videas.

360 3330 430 3389 65
487 3335 760 3389 Suffetius·
782 3334 916 3388 ire.)
952 3336 1020 3381 Ut
1059 3346 1179 3383 mox
1564 3358 1569 3361 ·

2412 1712 2416 1721 ,
2391 1076 2415 1679 „pa-„Vm
2370 728 2408 1058 ’.μ-»ἐι
