2459 3834
640 5 656 44 ι
681 21 688 33 t

383 69 530 152 168
905 107 1004 161 DE
1054 83 1299 162 nunno
1348 85 1675 166 cinctino

376 176 503 234 bari
554 181 718 260 s3gna
768 191 964 258 procul
1013 169 1372 264 conspicati,
1428 192 1501 247 ab
1554 175 1983 266 oppugnatione
2029 185 2241 244 desi-³

379 267 575 314 stunt·
559 265 815 336 ‚redisse
850 267 1035 337 primo
1078 269 1329 344 legiones
1349 271 1588 327 credunt
1608 311 1629 343 ‚
1657 286 1797 345 quas
1826 269 2044 344 longius
2071 269 2233 326 dis-

345 333 656 418 cessisse,
679 362 750 400 ex
788 347 1036 418 captivis
1057 365 1465 425 cognoverant.
1489 348 1733 420 Postea,
1761 349 2031 421 despecta
2060 367 2235 423 pau-

257 436 341 496 40
379 420 599 495 citato,
629 441 699 480 ex
747 425 1032 481 omnibus
1047 429 1299 500 partibus
1328 431 1606 502 impetum
1657 429 1897 486 faciunt.
1948 426 2233 494 Caion'es

378 501 438 556 in
490 505 808 574 proximum
863 510 1139 578 tumulum
1183 524 1539 583 procurrunt.
1574 511 1726 565 Hinc
1769 510 2040 566 celeriter
2086 510 2236 565 de·-

371 577 511 654 jecti
553 598 612 638 se
654 585 714 661 in
765 586 968 660 signa,
1014 589 1451 678 manipulosque
1478 589 1845 664 conjiciunt,
1878 605 1951 646 eo
2003 591 2217 666 magis

377 661 614 734 timidos
651 651 970 742 perterrent
992 668 1225 726 milites
1254 670 1420 741 Alii,
1449 686 1633 730 cuneo
1662 667 1855 739 facto,
1887 681 1949 725 ut
1978 670 2224 726 celeri-

377 750 470 794 ter
511 759 916 826 perrumpant,
946 760 1219 824 censent·
1201 789 1222 822 ‚
1256 751 1525 822 quoniam
1556 761 1675 804 tam
1720 748 2033 824 propinqua
2060 760 2221 807 sunt

376 833 606 895 castra,
636 825 745 880 etsi
775 833 911 902 'pars
950 813 1141 902 aliqua
1185 828 1564 886 circunventa
1602 825 1931 901 ceciderit,
1964 841 2025 884 at
2054 830 2212 885 reli-

377 915 518 973 quos
561 907 779 962 servari
831 923 990 980 posse
1031 903 1370 964 confidunt·
1420 909 1561 981 alii,
1594 920 1658 964 ut
1706 909 1769 963 3n
1808 907 1941 983 jugo
1988 910 2217 964 consi-

377 993 536 1037 stant
565 997 780 1058 ,atque
806 986 1066 1042 eumdem
1096 1005 1292 1045 omnes
1322 987 1513 1044 ferant
1540 948 1753 1044 casum.
1789 985 1916 1044 Hoc
1957 1002 2204 1046 veteres

378 1061 490 1118 non
544 1065 788 1136 probant
837 1063 1092 1139 milites,
1139 1085 1282 1142 quos
1328 1067 1430 1124 sub
1481 1069 1692 1125 vexillo
1742 1083 1854 1124 una
1908 1067 2211 1137 profectos

379 1140 932 1219 docuimus.1taque
960 1147 1114 1202 inter
1151 1163 1215 1203 se
1253 1148 1585 1220 cohortati,
1623 1148 1768 1203 duce
1800 1145 1873 1203 C.
1902 1147 2206 1206 Trebonio

379 1225 576 1297 equite
634 1225 934 1297 Romano,
982 1227 1096 1302 qui
1120 1227 1204 1284 eis
1244 1241 1371 1284 erat
1422 1229 1788 1302 praepositus,
1830 1244 1935 1300 per
1974 1229 2209 1286 medios

269 1351 292 1362 ,-
379 1302 576 1364 hostes
635 1321 1039 1379 perrumpunt,
1077 1307 1500 1382 incolumesque
1558 1308 1629 1364 ad
1679 1325 1848 1366 unum
1899 1308 1960 1363 in
2005 1322 2210 1366 castra

379 1385 724 1458 perveniunt
769 1401 984 1447 omnes.
1033 1387 1155 1443 Hos
1201 1389 1487 1444 subsecuti
1536 1393 1809 1460 calones,
1855 1387 2203 1462 equitesque

379 1465 583 1524 eodem
624 1467 841 1539 impetu
891 1465 1141 1524 rnilitum
1190 1468 1413 1523 virtute
1452 1480 1772 1524 servantur.
1822 1465 1903 1522 At
1951 1467 2038 1558 33,
2090 1467 2194 1541 qui

379 1536 443 1601 i'n
488 1544 620 1620 jugo
657 1547 1089 1622 constiterant,
1128 1549 1190 1592 43
1242 1549 1398 1604 nullo
1434 1549 1612 1604 etiam
1642 1563 1787 1601 nunc
1828 1563 1927 1602 usu
1957 1548 2041 1602 rei
2073 1547 2211 1602 mi-

379 1625 574 1682 litaris
605 1639 920 1698 percepto,
954 1643 1132 1701 neque
1161 1629 1222 1683 in
1264 1645 1377 1702 eo,
1388 1629 1567 1702 quod
1600 1625 2018 1700 probaverant,
2047 1644 2202 1682 con·-

382 1703 516 1762 silio
558 1723 934 1779 permanere,
964 1719 1026 1764 ut
1069 1724 1130 1762 se
1158 1710 1289 1779 loco
1332 1709 1621 1781 superiore
1657 1705 2062 1778 defenderent,
2093 1719 2207 1764 ne·

337 1788 340 1796 '
382 1801 493 1860 que
521 1802 688 1862 eam,
722 1803 890 1860 quam
913 1747 1210 1860 profuisse
1254 1789 1384 1848 aliis
1418 1789 1533 1842 vim
1548 1785 2059 1864 ,celeritatemque
2102 1787 2207 1841 vi-'·

263 2526 340 2586 41

383 1865 588 1922 derant
617 1906 638 1940 ,
696 1866 918 1922 imitari
964 1879 1317 1940 potuerunt·
1302 1905 1323 1940 ,
1350 1867 1451 1924 sed
1492 1883 1553 1922 se
1597 1867 1655 1921 in
1702 1866 1892 1921 castra
1942 1863 2205 1938 recipere

381 1947 575 2000 conati
605 1986 627 2017 ,
691 1945 948 2022 iniquum
996 1946 1057 2001 3n
1117 1950 1307 2006 locum
1359 1947 1726 2004 demiserunt.
1796 1943 2202 2018 Centuriones,

381 2040 622 2100 quorum
666 2027 922 2085 nonnulli
960 2029 1024 2070 44
1074 2041 1145 2084 ex
1193 2027 1559 2090 inferioribus
1609 2023 1903 2083 ordinibus
1954 2026 2208 2104 reliqua·-

382 2121 509 2162 rum
541 2107 830 2180 legionum
862 2121 1025 2168 causa
1075 2109 1312 2168 virtutis
1354 2107 1415 2163 in
1458 2106 1780 2180 superlores
1823 2117 1990 2160 erant
2032 2087 2209 2162 ordi·-

382 2201 482 2242 ues
512 2184 671 2261 hujus
730 2187 974 2260 legionis
1010 2188 1380 2258 transducti,
1410 2202 1479 2241 ne
1510 2198 1644 2242 ante
1674 2197 1895 2258 partam
1947 2184 2033 2240 rei
2084 2185 2209 2241 mi·-

381 2267 571 2322 litaris
602 2265 822 2322 laudem
865 2267 1249 2338 amitterent,
1288 2266 1609 2324 fortissime
1651 2277 1964 2338 pugnantes
2005 2263 2209 2321 conci-

383 2346 608 2403 derunt.
654 2345 914 2402 Militum
967 2363 1097 2420 pars
1149 2347 1355 2403 horum
1396 2347 1614 2402 virtute
1654 2344 1954 2404 summotis
2006 2345 2211 2402 hosti-

383 2425 530 2498 bus,
560 2437 761 2498 praeter
792 2444 950 2517 spem
1003 2426 1306 2488 incolumis
1358 2427 1419 2482 in
1476 2437 1681 2489 castra
1722 2424 2047 2496 pervenit.
2046 2411 2213 2498 ρειτὶ

385 2523 420 2562 a
467 2505 728 2566 barbaris
757 2507 1147 2562 circumventa
1182 2507 1374 2580 periit.
1414 2481 1746 2573 Germani,
1777 2503 2079 2588 desperata
2110 2521 2215 2561 ex-

385 2587 734 2680 pugnatione
775 2599 1131 2660 castrorum,
1175 2587 1325 2662 quod
1366 2599 1594 2643 nostros
1638 2584 1753 2660 jam
1788 2565 2117 2641 constitisse
2150 2585 2213 2638 in

384 2666 800 2734 munitionibus
839 2666 1148 2737 videbant,
1193 2683 1323 2724 cum
1361 2683 1431 2724 ea
1462 2665 1651 2744 praeda
1674 2705 1695 2738 ,
1733 2680 1905 2739 quum
1936 2665 1995 2720 in
2036 2665 2206 2722 silvio

377 2897 388 2907 ·
449 2893 516 2942 43
546 2886 698 2931 Nullo
725 2897 816 2929 usn
824 2883 896 2928 rei
913 2881 1144 2928 militaris
1157 2892 1266 2938 per-
1324 2878 1711 2930 Descendebnnt
1723 2839 1934 2928 ordines
1960 2889 2119 2938 usque
2136 2873 2208 2927 ad

383 2957 533 3002 cepto.
550 2948 570 2998 )
598 2945 900 3003 ciaet-onio,
935 2952 989 2992 et
1012 2943 1265 3004 scaligero
1328 2944 1585 2993 decimum
1612 2956 1705 3003 pro
1723 2941 2014 2990 cohortium
2034 2953 2214 2986 nume·

382 3009 730 3067 supper-fluum
757 3019 831 3058 est
861 3016 1101 3066 percepto,
1125 3017 1178 3056 et
1201 3006 1268 3058 ab
1330 3020 1404 3056 ro.
1434 3011 1541 3056 Nec
1566 3006 1823 3066 promotio
1851 3003 2210 3054 centurionum

379 3071 549 3122 aliena
579 3085 732 3122 manu
761 3071 1014 3120 additum.
1330 3083 1530 3130 semper
1543 3083 1595 3118 ιιι
1608 3069 1786 3117 eodem
1810 3080 1993 3130 genere
2012 3079 2103 3126 per
2122 3066 2214 3126 sal·

445 3149 520 3194 44
569 3141 650 3180 Ex
677 3137 984 3188 inferioribus
1025 3135 1267 3180 ordinibus
1333 3142 1461 3189 tum,
1477 3143 1528 3180 et
1550 3147 1615 3180 ex
1640 3133 1842 3192 legione
1862 3131 1917 3180 in
1939 3129 2211 3188 legionem,

379 3202 500 3254 reliq
507 3211 670 3248 aarum
697 3196 964 3252 lepionum.)
994 3195 1267 3268 inferiores
1330 3209 1394 3248 ex
1422 3195 1632 3244 cohorte
1667 3195 1721 3243 iu
1748 3194 2010 3244 cohortem
2040 3191 2214 3252 allam,

315 3257 325 3260 “
379 3261 586 3306 ordines
623 3269 953 3318 opponuntur
980 3257 1162 3316 primis
1183 3271 1271 3304 or·
1326 3253 1607 3320 lipsius-de
1635 3260 2014 3308 M.1t.zib.11
2040 3255 2089 3309 8.
2144 3307 2193 3332 ,ι

379 3321 607 3385 dinibus,
617 3321 680 3369 de
705 3321 890 3386 quibus
903 3333 1037 3384 saepe
1055 3321 1273 3370 dictum.
