2459 3834
408 102 566 197 488
745 160 748 162 Α
907 131 1008 183 DE
1061 132 1303 186 BELLo
1354 128 1745 185 Asmcimo

403 204 758 279 Syriisset
799 208 1062 285 cujusque
1111 212 1337 287 generis
1384 212 1574 269 ductis
1609 214 1669 266 in
1723 222 1915 269 castra
1964 213 2255 285 complu-

401 286 562 343 ribus
590 329 610 360 ‚
640 288 1042 364 frequentabat
1083 310 1210 349 suas
1268 295 1486 365 copias.
1533 291 1825 349 Audiebat
1878 294 2078 365 enim‘,
2095 292 2257 363 §ci-

401 366 638 441 pionem
671 385 798 443 post
829 372 985 428 diem
1034 375 1273 437 tertium
1322 373 1440 447 ejus
1486 373 1605 427 diei
1635 413 1655 443 ‚
1692 391 1807 447 quo
1852 374 2116 446 ¹praelium
2150 373 2250 428 fa-

400 459 560 505 ctum
611 464 736 507 erat
750 458 778 522 ,’
817 453 1281 527 appropinquare
1312 493 1333 524 ‚
1370 454 1567 527 copias
1602 469 1731 508 suas
1780 470 1910 507 cum
1954 452 2255 527 Labieno,

401 539 463 582 et
505 528 734 604 Petrejo
783 532 1122 607 conjungere
1151 574 1173 607 ,
1228 550 1468 609 quorum
1518 534 1696 624 copiae
1746 525 2041 607 legionum
2102 552 2249 589 vur.

401 620 462 661 et
512 612 771 683 equitum
833 632 912 669 ιν.
964 614 1209 669 millium
1265 630 1389 669 esse
1446 613 1907 669 nuntiabantur:
1960 612 2266 670 officinas-

397 685 672 745 ferr'arias
692 692 974 749 instruere
995 733 1015 764 ‚
1039 695 1397 767 sagittasque
1419 732 1438 765 ,
1479 706 1539 748 et
1568 696 1681 747 tela
1706 694 1803 769 *uti
1833 691 2041 747 fierent
2062 710 2247 749 com-

400 769 605 842 plura,
635 787 838 829 curare
864 812 885 845 ,
923 774 1157 847 glandes
1198 774 1475 845 fundere,
1518 773 1682 829 sudes
1730 788 2109 845 comparare,
2154 775 2250 828 li·-

399 856 557 905 teras
599 852 660 905 in
711 850 1012 925 Siciliam,
1042 855 1383 926 nuntiosque
1430 854 1670 909 mittere
1698 892 1721 925 ‚
1762 864 1823 907 ut
1874 852 1985 909 sibi
2016 856 2244 924 crates,

398 932 817 1007 materiamque
875 947 1186 1007 congerent
1245 934 1317 988 ad
1366 935 1579 989 arietes
1628 935 1649 1003 ¹,
1704 933 1859 1005 cujus
1910 933 2109 1002 inopia
2170 935 2238 989 in

401 1008 606 1066 Africa
649 1026 834 1069 esset:
881 1028 1150 1086 praeterea
1199 1014 1458 1084 ferrum,
1490 1011 1901 1102 plumbumque
1959 1013 2241 1069 mittere-

401 1100 521 1145 tur.
549 1092 634 1147 Et
674 1094 928 1148 animum
957 1095 1138 1149 etiam·
1166 1094 1504 1150 advertebat
1523 1132 1544 1165 ,
1565 1093 1855 1149 frumento
1884 1109 1945 1148 se
1964 1094 2031 1150 jn
2062 1092 2241 1149 Afri-

399 1187 472 1225 ca
497 1210 516 1241 ,
555 1174 668 1227 nisi
721 1174 1039 1245 impet-tato
1061 1216 1078 1245 ‚
1111 1176 1193 1231 uti
1246 1192 1358 1231 non
1404 1188 1583 1246 posse.
1616 1172 2015 1236 Priore,enim
2054 1188 2249 1246 anno,

395 1265 640 1322 propter
665 1254 1128 1311 adversariorum
1169 1257 1423 1311 delectus
1444 1294 1465 1325 ‚
1494 1254 1641 1327 quod
1683 1253 2243 1326 stipendiarii‘ara-

399 1342 570 1386 tores*
610 1336 827 1389 milites
878 1336 1068 1391 essent
1111 1334 1297 1405 facti,
1328 1350 1588 1389 -messem
1644 1350 1760 1387 non
1814 1348 1939 1388 esse
1989 1332 2249 1407 factam3

336 1419 356 1425 “
401 1425 682 1484 preterea
708 1432 778 1469 ex
807 1416 966 1471 omni
1007 1414 1208 1471 Africa
1234 1415 1581 1470 frumentum
1603 1412 1963 1470 adversarios
1986 1413 2047 1467 in
2081 1430 2249 1485 pau-

399 1508 477 1549 ca
519 1496 774 1567 oppida,
828 1510 888 1550 et
949 1496 1094 1551 bene
1143 1497 1365 1551 munita
1404 1506 1843 1565 comportasse,
1889 1510 2249 1567 >omnemque

399 1576 698 1648 regionem
747 1575 960 1631 Africae
1009 1576 1337 1631 exinanisse
1381 1574 1722 1647 frument03
1772 1574 1983 1646 oppida
2008 1600 2037 1645 ‚2
2078 1592 2249 1655 prg-

399 1661 494 1707 ter
526 1672 703 1726 pauca
732 1696 751 1725 ,
781 1672 901 1729 quae
941 1658 1051 1728 ipsi
1098 1658 1214 1712 suis
1260 1655 1538 1729 praesidiis
1570 1654 1733 1721 ‚tueri
1782 1666 2051 1723 poterant
2074 1694 2093 1725 ,
2124 1672 2247 1710 re-

398 1733 558 1808 liqua
604 1736 762 1791 >dirui
791 1776 810 1808 ,
849 1750 1024 1810 atque
1081 1737 1303 1805 deleri,
1346 1747 1407 1790 et
1436 1752 1635 1789 eorum
1679 1736 1896 1795 incolas
1936 1734 2095 1789 intra
2130 1750 2245 1789 sua

402 1817 670 1887 praesidia
699 1818 963 1891 coegisse
1003 1818 1425 1891 commigrare,
1457 1830 1625 1889 agros
1664 1814 1965 1885 desertos,
1996 1831 2067 1869 ac
2118 1830 2245 1869 va·-

403 1910 587 1951 statos
638 1914 781 1952 esse.
842 1898 968 1950 Hac
1017 1898 1361 1951 necessitate
1410 1892 1601 1949 Caesar
1635 1907 1865 1949 coactus
1896 1934 1917 1964 ‚
1974 1895 2243 1965 privatos

398 1976 710 2031 ambiendo
729 2016 746 2044 ‚
771 1989 831 2029 et
874 1976 1081 2051 blande
1115 1974 1497 2047 appellando,
1528 1974 1941 2047 aliquantulum
1969 1974 2240 2029 frumen·-

399 2057 449 2111 ti
493 2072 788 2112 numerum
829 2057 888 2109 in
937 2072 1039 2111 sua
1075 2056 1339 2128 praesidia
1376 2068 1743 2127 congesserat
1766 2074 1799 2129 3
1830 2066 1890 2109 et
1932 2071 2001 2109 eo
2056 2071 2238 2128 parce

397 2136 686 2192 utebatur.
757 2132 951 2209 Opera
1000 2136 1241 2190 inter-im
1292 2137 1414 2208 ipse
1458 2134 1718 2207 quotidie
1769 2128 2123 2205 circumire,
2166 2146 2233 2191 et

397 2220 651 2273 alternas
691 2217 962 2271 cohortes
987 2216 1072 2270 'in
1111 2217 1367 2271 stacione
1408 2216 1621 2269 habere
1669 2228 1905 2286 propter
1968 2214 2225 2291 bostium

397 2297 871 2367 multitudinem,
901 2295 1185 2351 Labienus
1225 2296 1449 2351 saucios
1490 2310 1653 2363 suos,
1686 2311 1929 2367 quorum
1958 2312 2225 2351 numerus

398 2380 682 2435 maximus
735 2376 882 2445 fuit,
911 2376 1070 2450 jubet
1114 2378 1174 2431 in
1215 2374 1483 2447 plaustris
1523 2374 1809 2447 deligatos
1854 2374 2239 2429 Adrumetum

395 2458 713 2527 deportari.
767 2456 960 2511 Naves
998 2456 1265 2523 interim*
1289 2453 1534 2510 Caesaris
1582 2455 1860 2509 onerariae
1900 2455 2235 2510 errabundae

396 2540 548 2593 male
593 2534 950 2609 vagabantur
977 2574 997 2607 ‚
1038 2536 1272 2591 incertae
1325 2539 1583 2591 locorum
1615 2572 1635 2603 ‚
1684 2548 1857 2612 atque
1908 2546 2235 2590 castrorum

396 2633 672 2676 suorum:
705 2633 842 2689 quas
867 2617 1121 2687 singulas
1151 2616 1374 2687 scaphae
1415 2613 1878 2669 adversariorum
1911 2617 2237 2687 complures

399 2697 616 2754 adortae
648 2696 1022 2753 incenderant
1043 2734 1064 2767 ,
1099 2708 1271 2769 atque
1302 2705 1789 2767 expugnaverant.
1829 2694 1963 2751 Hac
1987 2711 2050 2749 re
2080 2712 2242 2749 nun-

385 2778 553 2835 .tiata
579 2766 793 2832 Caesar‘i
815 2814 834 2845 ,
875 2778 1082 2831 classes
1133 2776 1351 2829 circum
1392 2775 1647 2841 insulas,
1678 2788 1987 2846 portusque
2026 2774 2245 2850 dispo-

403 2859 520 2921 suit
549 2896 572 2935 ,
611 2873 727 2935 quo
761 2856 940 2943 tutius
989 2860 1346 2917 commeatus
1375 2854 1708 2930 supportari
1757 2866 1971 2929 posset.
