2459 3834
449 62 611 139 ‚¹124
990 63 1093 117 ne
1108 96 1120 104 -
1134 62 1386 128 uum
1421 60 1764 129 caturco

430 144 668 222 legioni'
690 144 949 208 subsidio
978 146 1179 201 venire
1221 158 1418 219 posset,
1451 162 1468 203 ε
1517 163 1632 204 non
1667 146 1858 207 facile·
1883 142 2094 207 Ganos
2121 146 2308 209 Gal-

432 228 511 284 lis
565 244 779 301 negare
836 226 1145 299 potuisse:
1202 226 1523 299 praesertim
1585 243 1718 283 cum
1767 227 1839 283 de
1889 229 2312 302 recuperanda

432 307 727 367 communi
762 306 1036 363 libertate
1072 305 1382 373 consilium
1431 308 1643 365 initum
1684 304 1980 363 videretur
2009 325 2026 364 ε
2068 308 2304 383 quibus

434 390 711 463 quoniam
751 404 855 459 pro
891 386 1109 461 pietate
1158 378 1514 444 satisfecerit
1543 426 1564 457 ‚
1605 386 1822 445 habere
1870 404 1934 444 se
1981 406 2136 446 nunc
2185 408 2296 446 ra·-

433 466 661 525 tionem
698 464 931 525 officii:
986 483 1089 540 pro
1139 464 1439 523 beneficiis
1493 464 1738 525 caesaris
1767 466 2018 531 'monere
2045 510 2067 541 ‚
2109 486 2306 527 orare

324 582 339 627 ,-
430 544 731 605 Titurium
772 564 877 621 pro
908 546 1165 622 bospitio
1185 586 1221 623 ,·
1247 560 1310 603 ut
1340 565 1451 605 suae
1479 554 1501 621 ‚⁴
1522 565 1592 604 ac
1629 548 1890 606 militum
1932 546 2106 607 saluti
2139 567 2304 607 con-

316 1438 398 1513 28

433 630 591 685 eulat
622 645 638 685 :
678 644 949 704 magnam
990 644 1221 684 manum
1249 624 1677 686 Germanorum.
1723 629 2064 692 conductam
2093 628 2290 688 Rhe·-

434 724 572 767 num
600 710 873 765 transisse
900 730 926 782 .·,
964 708 1115 765 hauc
1152 706 1334 766 affore
1375 708 1588 786 biduo:
1630 710 1886 784 ipsorum
1915 705 2044 768 esse'
2064 712 2292 767 consi-

433 788 581 847 lium
612 828 633 861 ,
674 790 931 847 velintne
960 788 1159 863 prius,
1188 805 1358 863 quam
1407 787 1644 845 finitimi
1689 790 1984 863 sentiant,
2034 791 2291 848 eductos

433 884 509 927 ex
562 870 821 935 hibernis
855 872 1073 945 milites
1123 881 1223 925 aut
1271 869 1347 925 ad
1389 867 1767 943 Ciceronem,
1805 885 1908 927 aut
1951 868 2024 927 ad
2056 868 2290 929 Labie·-

431 964 573 1015 num
596 950 879 1013 deducere
896 992 918 1023 ‚
935 953 1197 1025 ‘quorum
1241 953 1390 1006 alter
1420 950 1606 1007 millia
1634 966 1898 1025 passuum
1924 951 2164 1009 circiter
2211 973 2272 1009 ι.

434 1031 589 1095 alter
622 1035 811 1105 paullo
835 1032 1085 1103 amplius
1126 1029 1280 1085 absit
1311 1046 1326 1086 :
1375 1030 1519 1087 illud
1569 1047 1630 1087 se
1682 1031 1986 1104 polliceri,
2013 1042 2076 1089 et
2099 1030 2280 1105 jure-

430 1106 675 1184 jurando
710 1110 1097 1184 confirmare,
1147 1119 1336 1165 tutum
1375 1126 1437 1167 se
1484 1111 1600 1166 iter
1667 1127 1770 1184 per
1809 1108 1952 1168 fines
1991 1128 2120 1169 suos
2152 1112 2284 1169 da-

435 1201 679 1249 turum:
726 1192 879 1269 quod
928 1208 1065 1247 cum
1106 1188 1291 1247 faciat
1319 1229 1340 1261 ‚
1380 1202 1442 1245 et
1498 1191 1739 1247 civitati
1791 1208 1916 1249 sese
1965 1194 2293 1267 consulere,

435 1272 590 1345 quod
636 1272 899 1331 hibernis
928 1274 1190 1343 levetur,
1220 1282 1282 1327 et
1310 1265 1528 1330 Caesari
1573 1287 1677 1345 pro
1707 1270 1826 1346 ejus
1861 1272 2090 1329 meritis
2126 1288 2289 1345 gra-

434 1351 584 1411 tiam
623 1352 904 1411 referre.“
934 1354 1063 1411 Hac
1096 1351 1360 1409 oratione
1398 1350 1606 1407 habita
1644 1351 1899 1408 discedit
1949 1350 2286 1410 Ambiorix.

439 1429 823 1509 CarpinejuS,
851 1445 912 1489 et
952 1432 1155 1504 Junius
1192 1448 1316 1507 quae
1356 1431 1660 1488 audierant
1686 1471 1707 1504 ,
1751 1432 1824 1486 ad
1859 1435 2078 1506 legatos
2107 1432 2288 1489 defe-

438 1525 596 1577 runt.
638 1512 773 1586 Illi,
802 1513 1109 1587 repentina
1128 1527 1191 1569 re
1216 1510 1540 1586 perturbati
1565 1551 1586 1583 ,
1628 1511 1740 1569 etsi
1778 1511 1850 1568 ab
1880 1512 2144 1589 hosteea
2171 1512 2284 1568 di·-

422 1592 903 1666 ¹¹cebanum-„uon
948 1604 1142 1650 tamen
1194 1591 1535 1668 neglig-:uda
1573 1590 2028 1649 existimabant:
2077 1594 2285 1649 maxi-

436 1688 643 1749 meque
672 1672 783 1729 hac
810 1692 874 1731 re
898 1670 1380 1749 permovebantur
1407 1711 1428 1743 ‚
1469 1675 1656 1749 quod,
1695 1672 2003 1733 civitatem
2046 1672 2284 1747 ignobi·-

332 1763 344 1773 ·’
436 1756 584 1827 lem,
614 1768 791 1829 atquc
820 1754 1095 1811 humilem
1138 1752 1471 1809 Eburonum
1509 1770 1608 1809 sua
1639 1765 1844 1827 sponte
1887 1754 2098 1827 populo
2143 1752 2282 1809 Ro·-

326 2838 409 2900 29

440 1850 615 1891 mano
656 1834 869 1893 bellum
910 1834 1102 1891 facere
1128 1848 1356 1903 ausam,
1381 1834 1482 1889 vix
1511 1844 1638 1889 erat
1667 1832 2030 1890 credendum.
2069 1831 2274 1907 Itaque

441 1914 523 1973 nd
550 1911 879 1971 Concilium
922 1931 1042 1971 rem
1070 1911 1370 1987 deferunt5
1407 1929 1722 1991 magnaque
1762 1914 1917 1972 inter
1948 1928 2048 1969 eos
2075 1912 2282 1969 existit

438 1996 865 2053 controversia.
896 1994 965 2049 L.
996 1984 1444 2069 Aurunculeius,
1463 1998 1893 2071 compluresque
1926 1992 2147 2049 tribuni
2175 1993 2286 2049 mi-

443 2074 614 2131 litum
641 2088 742 2146 ,et
773 2077 833 2119 ³0
864 2074 1179 2147 primorum
1205 2073 1476 2131 ordinum
1506 2072 1872 2131 centuriones
1893 2112 1912 2142 ‚
1953 2073 2160 2143 „nihil
2193 2086 2288 2130 tc-

443 2170 607 2213 mere
638 2156 921 2229 agendum
944 2194 963 2226 ‚
1003 2148 1185 2229 neque
1224 2172 1298 2211 ex
1327 2154 1586 2211 hibernis
1627 2154 1840 2228 injussu
1870 2150 2114 2209 Caesaris
2155 2153 2289 2228 dis-

448 2236 768 2293 cedendum
793 2234 1240 2293 existimabant:
1269 2234 1604 2308 quantasvis
1627 2251 1862 2309 magnas
1883 2234 2078 2307 copias
2102 2234 2285 2292 etiam

426 2308 871 2375 “Germanorum
921 2316 1194 2373 sustineri
1229 2331 1394 2388 posse
1415 2354 1434 2388 ‚
1463 2314 1703 2393 munitis
1753 2314 2012 2370 hibernis
2043 2352 2063 2383 ,
2100 2312 2285 2370 doce-

442 2392 624 2453 bant:
665 2414 788 2453 rem
818 2414 942 2453 esse
977 2396 1313 2454 testimonio
1335 2434 1354 2465 ,
1382 2396 1534 2469 quod
1576 2395 1826 2467 primurn
1864 2392 2121 2463 hostium
2161 2394 2288 2449 im-

442 2488 681 2549 petum,
710 2478 909 2533 multis
950 2480 1103 2548 ultro
1152 2476 1485 2531 vulneribus
1513 2475 1738 2545 illatis,
1778 2473 2100 2530 fortissima
2149 2490 2289 2529 sus·

442 2555 729 2613 tinuerint
765 2573 781 2613 ε
816 2572 879 2611 re
905 2555 1286 2617 frumentaria
1319 2572 1432 2613 non
1465 2556 1675 2629 premi:
1719 2554 1947 2611 interea
1966 2566 2027 2609 et
2048 2570 2121 2609 ex
2152 2571 2287 2631 pro-

440 2637 619 2697 :timis
653 2634 951 2711 hibernis,
982 2648 1045 2692 et
1072 2653 1126 2692 a
1164 2632 1392 2694 Caesare
1443 2646 1800 2691 conventura
1848 2632 2141 2691 subsidia:
2164 2632 2290 2707 ρα-

442 2728 657 2777 :tremo
676 2717 817 2791 qnid
846 2729 999 2773 esset
1031 2716 1244 2788 levius,
1263 2729 1364 2773 aut
1397 2716 1643 2789 turpius,
1674 2732 1845 2790 quam
1888 2727 2123 2771 auctore
2173 2714 2286 2771 ho·-

442 2798 638 2857 ste-de
666 2798 905 2854 summis
938 2796 1105 2853 rebus
1126 2802 1338 2870 capere
1379 2796 1681 2871 consilium
1693 2790 1734 2863 ἒ,
1771 2807 1977 2853 contra
2007 2812 2078 2851 ea
2108 2793 2290 2849 Titu-

446 2879 605 2951 rius,
640 2896 772 2943 seno
800 2878 1059 2934 facturos
1086 2874 1437 2933 clamitabat
1455 2916 1480 2948 ‚
1498 2893 1629 2941 cum
1649 2874 1895 2951 majores
1919 2890 2118 2931 manus
2169 2872 2290 2930 ho·-

451 2959 633 3019 stium
647 3000 670 3033 ,
696 2958 983 3033 adjunctis
1002 2952 1317 3015 Germanis
1335 2994 1360 3030 ,
1391 2956 1829 3031 convenissent,
1855 2968 1956 3012 aut
1993 2970 2124 3011 cum
2170 2953 2293 3009 ali-

526 3180 593 3227 80
660 3180 928 3227 Primorum
946 3178 1165 3225 ordinum
1192 3161 1354 3225 een'tu-
1417 3174 1674 3225 tus.'vide
1709 3188 1862 3235 supra
1889 3171 1980 3221 lib.
2009 3184 2057 3221 1.
2079 3182 2189 3232 cap.
2208 3184 2285 3229 20,

460 3238 659 3295 rienes.)
688 3240 846 3287 Primi
856 3240 948 3301 pili
978 3239 1225 3299 centurio,
1254 3239 1358 3299 pri·
1419 3247 1546 3289 sect.
1565 3252 1654 3299 40.
1679 3248 1733 3289 et
1757 3240 1857 3289 hoc
1884 3237 1972 3297 libq
2001 3247 2052 3299 5.
2073 3248 2184 3299 εει).
2209 3244 2286 3297 15.

450 3314 580 3353 -mus
628 3303 865 3365 princeps
892 3335 909 3364 ,
945 3304 1141 3365 primus
1174 3302 1360 3354 haeta-
1419 3310 1560 3356 sect..
1575 3314 1661 3365 37.
