2459 3834
363 44 516 140 482
859 63 964 115 ne
1012 63 1263 116 nuto
1316 62 1715 117 Arnlcsno

245 152 325 197 10
361 150 436 207 ad
459 146 662 203 classis
681 146 1046 221 receptacula
1083 143 1359 202 muniret.
1406 144 1612 218 Itaque
1636 144 1724 199 ibi
1754 142 1963 199 relicto
1990 139 2058 197 P.
2084 137 2215 197 Sa-

291 228 306 271 ·'
357 245 530 287 serua
563 227 748 283 fratre
767 225 918 301 ejus,
937 242 1110 299 quem
1147 224 1324 297 Lepti
1348 226 1613 297 proximo
1642 224 1859 301 oppido
1888 222 2218 299 reliquerat

357 326 492 366 cum
529 308 796 382 legione,
819 304 978 381 jubet
1020 306 1380 378 comportari
1417 305 1579 381 ligna
1606 307 1674 361 in
1708 305 1985 377 oppidum
2034 318 2217 377 quam

359 390 650 466 plurima:
688 388 816 462 ipse
863 402 996 441 cum
1042 385 1387 445 cohortibus
1438 404 1541 441 vn.
1563 425 1587 457 ,
1624 403 1747 460 quae
1794 401 1869 441 ex
1908 384 2223 439 veteranis

359 471 692 545 legionibus
735 468 799 523 in
838 469 1019 522 classe
1047 482 1180 521 cum
1209 464 1502 538 Sulpicio,
1529 479 1595 521 et
1632 465 1886 523 Vatinio
1915 481 2037 519 rem
2067 479 2225 537 ges-

359 564 563 609 serant
584 590 605 622 ,
633 565 706 606 ex
754 546 972 621 oppido
1022 546 1287 619 Ruspina
1332 543 1591 621 egressus
1616 586 1640 617 ‚
1699 542 2087 619 proficiscitur
2136 544 2221 601 ad

359 643 597 705 portum
617 668 641 701 ,
667 629 769 704 qui
807 627 973 687 abest
1018 626 1093 682 ab
1123 627 1343 700 oppido
1370 628 1559 682 millia
1606 641 1870 700 passuum
1902 640 1993 683 ιι.
2024 662 2047 696 ,
2096 624 2223 681 ibi-

359 726 475 784 que
517 714 578 755 ¹⁵
631 713 876 766 classem
915 706 1022 764 sub
1061 724 1367 781 vespe-rum
1412 723 1545 764 cum
1584 724 1657 762 ea
1704 707 1876 779 copia
1914 721 2225 761 conscen-

359 790 474 847 dit.
517 786 801 847 Omnibus
843 790 906 845 in
933 788 1194 844 exercitu
1234 788 1438 843 insciis
1464 826 1487 861 ,
1526 800 1587 844 et
1616 785 2043 861 requirentibus
2070 785 2223 841 Im-

362 872 656 944 peratoris
701 869 1010 927 consilium
1033 855 1065 941 ,²
1081 884 1293 943 magno
1334 882 1493 924 metu
1516 907 1538 941 ,
1570 884 1642 924 ac
1683 868 1937 923 tristitia
1974 866 2219 921 sollici·-

361 951 658 1009 tabantur.
703 950 892 1007 Parva
933 951 1090 1005 euim
1129 966 1262 1005 cum
1292 950 1462 1021 copia
1492 988 1514 1021 ,
1540 962 1603 1004 et
1642 964 1715 1004 ea
1757 948 2051 1016 tironum,
2090 962 2219 1001 ne-

361 1048 475 1105 que
517 1032 676 1089 omni
713 1029 980 1105 exposita
1003 1070 1024 1101 ,
1052 1030 1114 1084 in
1163 1030 1370 1085 Africa
1422 1042 1637 1086 eontra
1683 1044 1923 1103 magnas
1982 1027 2221 1100 copias,

361 1124 427 1167 et
459 1113 750 1169 insidiosae
793 1109 1049 1167 nationis
1075 1148 1096 1182 ,
1135 1107 2092 1185 equitatumque,innumerabilem
2142 1124 2211 1163 se

361 1192 660 1267 expositos
699 1191 1020 1263 videbant3
1053 1207 1234 1265 neque
1272 1191 1589 1265 quidquam
1620 1190 1818 1246 solatii
1849 1190 1914 1243 in
1945 1204 2217 1259 praesen-

364 1272 484 1343 tia,
513 1288 696 1347 neque
729 1273 1008 1329 auxilium
1038 1271 1098 1326 in
1120 1288 1352 1327 suorum
1374 1272 1619 1327 consilio
1640 1267 2216 1341 animadvertebant,

363 1353 480 1409 nisi
529 1355 594 1408 in
633 1353 814 1427 ipsius
861 1352 1242 1424 Imperatoris
1288 1354 1451 1408 vultu
1480 1389 1501 1422 ,
1541 1351 1747 1425 vigore
1771 1388 1791 1422 ,
1830 1348 2209 1422 mirabilique

363 1432 708 1490 hilaritate:
741 1433 998 1489 animum
1028 1432 1186 1487 enim
1215 1433 1399 1489 altum
1423 1473 1442 1503 ,
1462 1444 1526 1487 et
1552 1444 1810 1492 erectum
1853 1446 1968 1503 prae
1997 1444 2061 1485 se
2090 1445 2210 1502 ge-

363 1512 552 1570 rebat.
602 1513 760 1569 Huic
798 1512 1237 1587 acquiescebant
1278 1512 1577 1585 homines,
1600 1525 1662 1567 et
1701 1512 1764 1566 in
1790 1507 1909 1584 ejus
1938 1488 2220 1581 seientia,

364 1605 429 1651 et
478 1594 726 1651 consilio
763 1594 963 1650 omnia
990 1592 1104 1648 sibi
1157 1592 1443 1667 proclivia
1471 1608 1668 1649 omnes
1706 1590 1837 1647 fore
1872 1590 2211 1663 sperabant.

436 1763 503 1815 15
529 1756 748 1803 Classem
771 1768 872 1801 cum
899 1767 957 1805 ea
980 1754 1112 1810 copia
1137 1766 1255 1801 eon-
1316 1754 1512 1811 nequein
1526 1754 1698 1810 prauo
1716 1765 1859 1811 neque
1874 1752 1924 1797 in
1937 1751 2066 1807 fuga
2077 1752 2215 1809 quis-

169 1856 200 1871 „
368 1818 741 1869 stendit->Cum
755 1815 1255 1876 copiis,manu,par-
1318 1830 1456 1877 quam
1490 1818 1613 1863 civis
1639 1818 1868 1873 ingenuus
1901 1825 2075 1871 captus
2110 1823 2219 1861 est.

156 1889 180 1907 ²
369 1887 424 1928 te
447 1880 714 1937 exercitus,
733 1888 790 1927 ut
813 1892 1124 1937 mox‚parva
1136 1882 1259 1927 enim
1320 1882 1385 1927 Et
1407 1878 1547 1939 Virg.
1572 1882 1685 1926 AEn.
1708 1877 1823 1925 libr.
1846 1888 1897 1924 2.
1926 1888 2060 1923 vers.
2086 1876 2219 1937 564.

369 1956 472 1990 cum
513 1946 644 2000 copia
678 1952 729 1989 et
741 1958 824 1999 „ea
869 1944 1076 1989 tironum
1097 1976 1112 2001 ‚
1139 1942 1258 1989 Sal-
1511 1944 1759 2001 Res-pido,
1783 1950 1832 1988 et
1854 1975 1870 1998 ,
1902 1954 2003 1999 quae
2043 1942 2114 1985 sit
2136 1954 2225 1988 me

361 2006 492 2054 lust.
521 2005 736 2056 catiliu.
761 2010 1024 2065 extremo,
1041 2020 1104 2053 σε
1135 2008 1259 2053 amm·
1572 2009 1742 2055 circum
1765 2008 1897 2063 copia
1920 2038 1936 2063 ‚
1960 2006 2139 2054 lustro.

1022 2142 1383 2205 CAPUT
1454 2146 1537 2206 V.

372 2305 577 2369 Oaesar
623 2324 901 2389 egressus
925 2306 1176 2367 navibus
1221 2308 1447 2367 milites
1478 2310 1559 2366 ad
1588 2306 1913 2383 Ruspinam
1954 2306 2211 2365 reducit:

370 2389 503 2462 ipse
531 2392 666 2449 inde
695 2388 1123 2462 frumentatum
1163 2389 1219 2445 it
1244 2406 1259 2445 ε
1286 2390 1421 2446 inde
1452 2388 1715 2446 hostibus
1744 2388 2219 2465 appropinquan-

371 2470 535 2525 tibus
555 2510 577 2543 ‚
615 2488 747 2526 suos
777 2472 857 2525 ad
875 2484 1136 2547 pugnam
1147 2479 1348 2541 parat.
1373 2468 1674 2525 Labienus
1702 2507 1721 2540 ,
1741 2480 1803 2525 et
1828 2470 1937 2524 duo
1968 2466 2215 2523 Pacidii

371 2551 556 2606 aciem
595 2550 916 2606 instruunt.
957 2550 1188 2606 Hostes
1221 2565 1367 2605 novo
1402 2554 1625 2627 genere
1637 2562 1859 2626 pugnax·
1911 2544 2211 2605 Caesareos

371 2630 654 2687 turbantt
684 2627 950 2703 refertur
988 2628 1156 2702 orda,
1187 2646 1290 2705 quo
1320 2638 1562 2706 uterque
1582 2630 1885 2687 exercitus
1920 2628 2214 2700 procedit.

404 2706 411 2731 ¹
453 2709 554 2767 M.
582 2711 889 2782 Petreius,
910 2720 973 2767 et
999 2706 1104 2767 Cn.
1147 2709 1289 2765 Piso
1310 2712 1451 2765 suis·
1476 2708 1823 2768 auxiliatur.
1846 2704 2133 2780 Caesarei,

691 2789 906 2865 praelio
936 2790 1381 2869 redintegrato,
1410 2789 1609 2847 hostes
1629 2788 1888 2863 pellunt.

262 2974 332 3017 11
457 2884 707 3011 Casar
745 2951 808 3006 in
857 2949 1098 3006 navibus
1139 2964 1254 3005 una
1304 2961 1477 3007 nocte
1523 2964 1903 3023 consumpta,
1930 2946 2045 3023 jam
2087 2962 2215 3002 cae-

373 3034 436 3089 lo
485 3031 752 3102 albente,
799 3048 932 3087 cum
989 3027 1282 3103 proficisci
1331 3043 1677 3105 conaretur,
1720 3031 1913 3087 subito
1969 3027 2213 3085 navium

374 3128 547 3189 pars,
579 3112 652 3167 de
669 3105 811 3185 “qua
864 3113 1111 3165 timebat
1140 3150 1159 3181 ,
1202 3128 1275 3167 ex
1304 3127 1504 3168 errore
1536 3112 1739 3167 eodem
1785 3110 2216 3167 conferebatur.

374 3193 502 3250 Hac
553 3208 616 3248 re
655 3190 938 3265 cognita,
975 3188 1170 3247 Caesar
1219 3188 1491 3249 celeriter
1534 3192 1607 3246 de
1659 3191 1903 3247 navibus
1961 3190 2216 3263 imperat

371 3287 572 3330 omues
620 3271 822 3347 egredi
851 3310 874 3346 ,
912 3284 1090 3347 atquc
1135 3282 1396 3334 armatos
1421 3272 1487 3339 in
1524 3269 1703 3331 litore
1740 3274 2001 3347 reliquos
2038 3271 2218 3329 adve-
