2459 3834
917 105 1249 162 nrnna
1328 111 1383 161 a
2004 107 2103 186 23

264 201 450 250 (nuos
466 187 922 272 contenderent»,
943 189 1160 244 factum
1179 205 1301 246 esse
1320 230 1342 262 ,
1364 188 1446 246 uti
1470 188 1545 246 ab
1564 187 1869 258 Arvernis,
1888 184 2111 264 Sequa-'-

269 272 470 342 aisque
515 269 795 328 Germani
847 272 1108 325 mercede
1155 283 1615 326 arcesserentur:
1660 273 1859 326 borum
1918 271 2108 341 primo

267 351 507 408 circiter
531 350 712 406 millia
735 367 830 406 xv.
856 349 1117 404 Rhenum
1151 352 1421 406 transisse
1449 367 1463 406 :
1498 361 1691 423 postea
1720 363 1885 424 quam
1918 367 2108 423 agros,
2193 405 2215 428 ⁶

266 429 580 494 et'cultum
600 469 620 500 ,
647 443 710 486 et
739 429 938 501 copias
961 419 1262 485 Gallorum
1306 430 1565 485 homines
1590 429 1701 484 feri
1726 468 1744 500 ,
1775 445 1840 484 ac
1872 430 2103 485 barbari

259 509 628 566 &amassent
653 547 678 577 ,
703 508 1062 564 transductos
1102 511 1326 581 plures:
1379 525 1521 564 nunc
1570 525 1693 565 esse
1724 510 1779 564 in
1802 507 1997 564 Gallia
2028 509 2102 565 ad

257 607 322 646 c.
352 601 416 644 et
445 606 532 645 xx.
567 590 810 644 millium
841 605 1134 644 numerum
1160 607 1174 646 τ
1205 603 1335 644 cum
1370 589 1459 645 his
1484 589 1704 645 AEduos
1728 629 1745 658 ,
1792 605 2105 663 eorumque

263 670 510 724 clientes
535 670 710 724 semel
729 706 750 739 ,
775 681 951 742 atque
975 669 1186 732 iterum
1209 669 1383 726 armis
1404 669 1765 736 contendisse
1786 689 1807 738 ·,
1836 685 2107 742 magnam

267 748 666 805 calamitatem
697 750 884 820 pulsos
939 750 1224 820 accepisse
1249 787 1266 818 ,
1298 743 1522 804 omnem
1588 749 1948 804 nobilitatem
1974 788 1992 816 ,
2020 765 2101 806 o..

267 843 464 886 munem
484 841 763 897 senatum,
793 843 1020 884 omnem
1047 829 1366 902 equitatum
1398 829 1653 884 amisisse
1676 847 1689 884 :
1712 829 1915 901 quibus
1946 845 2103 900 prat-

265 907 366 963 liis
385 946 404 978 ,
433 907 962 981 calamitatibusque
991 907 1208 963 fractos
1230 947 1249 977 ,
1274 909 1371 983 qui
1396 923 1455 964 ct
1486 925 1585 964 sna
1616 909 1859 974 virtute,
1878 921 1937 961 et
1967 919 2105 980 pop.·

262 982 441 1044 Rom.
475 987 728 1059 hospitio
746 1026 768 1058 ,
807 1001 980 1060 atque
1008 985 1271 1042 amicitia
1305 989 1606 1057 plurimum
1637 1001 1769 1042 ante
1808 986 1866 1042 in
1898 983 2101 1043 Gallia

262 1067 590 1139 potuissent
611 1105 632 1138 ,
661 1079 890 1122 coactos
927 1083 1050 1122 esse
1071 1065 1345 1141 Sequanis
1374 1068 1599 1124 obsides
1639 1069 1777 1122 dare
1810 1067 2105 1122 nobilissi-

263 1155 399 1212 mos.
423 1146 683 1202 civitatis
703 1185 722 1216 ,
751 1160 812 1202 et
840 1145 1200 1222 jurejurando
1223 1149 1528 1204 civitatem
1558 1148 1949 1219 obstringere,
1974 1153 2107 1202 sese*

263 1241 456 1298 neque
483 1223 708 1282 obsides
743 1225 1086 1296 repetituros
1106 1267 1127 1298 ,
1155 1243 1337 1302 neque
1376 1227 1648 1284 auxilium
1690 1243 1722 1280 a
1772 1239 1897 1299 pop.
1924 1227 2107 1282 Romi

267 1304 680 1378 imploraturos
699 1343 720 1376 ,
749 1321 930 1380 neque
955 1319 1313 1364 recusaturos
1334 1347 1353 1378 ,
1382 1307 1681 1380 quominus
1702 1319 1973 1377 perpetuo
1994 1307 2097 1360 sub

266 1384 502 1442 illorum
531 1385 754 1440 ditione
773 1425 792 1458 ,
819 1399 994 1459 atque
1023 1387 1268 1459 imperio
1296 1399 1486 1443 essent
1514 1404 1529 1440 τ
1576 1401 1746 1440 unum
1776 1403 1836 1440 sc
1864 1401 1986 1440 esse
2024 1401 2099 1440 ex

273 1465 434 1526 omni
463 1465 706 1520 civitate
734 1465 1051 1522 AEduorum
1074 1506 1092 1537 ,
1119 1467 1216 1540 qui
1247 1467 1451 1522 adduci
1483 1481 1594 1522 non
1620 1465 1896 1538 potuerit,
1918 1478 1979 1520 ut
2007 1463 2097 1538 ju·

273 1555 433 1600 rat-et
450 1582 471 1614 ,
509 1555 606 1599 aut
641 1560 768 1600 suos
797 1545 1006 1602 liberos
1035 1545 1261 1602 obsides
1288 1545 1484 1602 daret:
1516 1547 1589 1602 ob
1618 1561 1746 1600 eam
1787 1561 1908 1600 rem
1936 1561 1996 1599 se
2024 1547 2107 1600 ex'

267 1623 513 1681 civitate
545 1621 857 1698 profugisse
877 1663 896 1694 ,
925 1639 986 1680 et
1013 1625 1257 1682 Romam
1296 1629 1367 1682 ad
1404 1637 1662 1681 senatum
1691 1623 1911 1679 venisse
1932 1625 2097 1678 anxi·

265 1703 412 1762 lium
440 1705 822 1775 postulatum,
860 1705 1009 1778 qnod
1051 1706 1200 1761 solus
1241 1723 1419 1778 neque
1472 1698 1870 1778 jurejurando,
1914 1709 2103 1777 neque·

269 1783 566 1853 obsidibus
595 1795 926 1854 teneretur-⁶,
949 1784 1045 1840 sed
1069 1784 1220 1859 pejus
1242 1784 1560 1841 victoribus
1588 1782 1860 1856 Sequanis
1881 1823 1899 1854 ,
1924 1786 2103 1856 quam'

273 1861 484 1919 AEduis
519 1863 696 1918 victis
741 1864 1056 1935 accidisse,
1099 1878 1401 1938 propterea
1442 1865 1588 1938 quod
1638 1865 1695 1908 ⁵⁵
1742 1843 2097 1935 Ariovistus,

265 1957 373 2001 rex
404 1940 824 2000 Germanorum
849 1981 868 2012 ,
899 1943 958 1998 in
985 1960 1181 1998 eorum
1211 1943 1415 2002 finibus
1442 1943 1811 2011 consedisset,
1832 1943 2100 1998 tertiam-

271 2037 384 2092 que
425 2035 650 2094 partem
677 2023 803 2096 agri
829 2021 1115 2095 Sequani,
1145 2025 1240 2094 qui
1282 2037 1430 2079 esset
1461 2024 1713 2096 optimus
1742 2023 1921 2078 totius
1940 2021 2099 2080 Gal-

274 2101 367 2157 liae
386 2139 408 2172 ,
429 2103 843 2173 occupavisset,
861 2115 923 2157 et
947 2119 1091 2158 nunc
1119 2103 1192 2158 de
1221 2107 1405 2158 altera
1430 2114 1587 2176 parte
1612 2104 1788 2157 tertia
1810 2101 2098 2176 Sequanos

273 2179 553 2238 decedere
591 2181 812 2254 juberet
832 2222 852 2253 ,
885 2189 1184 2255 propterea
1211 2186 1358 2256 quod
1382 2223 1401 2255 ,
1434 2185 1627 2256 paucis
1661 2183 1943 2238 mensibus
1982 2197 2101 2238 an·-

276 2273 338 2334 te
361 2299 380 2329 ,
411 2255 469 2304 ⁵⁶
497 2262 789 2316 Harudum
811 2263 990 2316 millia
1013 2265 1306 2320 hominum
1344 2279 1495 2318 xxxv.
1530 2265 1601 2317 ad
1632 2277 1760 2316 eum
1786 2263 2099 2335 venissent,

274 2339 478 2414 quibus
511 2343 666 2396 locus
688 2380 707 2409 ,
745 2357 814 2396 ac
841 2344 1004 2398 sedes
1031 2355 1404 2415 pararentur:
1436 2342 1684 2398 futurum
1742 2349 1865 2396 esse
1907 2345 2100 2414 paucis

271 2419 440 2476 annis
461 2459 480 2492 ,
511 2421 596 2474 uti
647 2437 841 2476 omncs
887 2439 920 2478 e
963 2419 1174 2479 Galliae
1196 2421 1401 2478 finibus
1434 2425 1805 2496 pellerentur,
1832 2435 2005 2497 atque
2035 2439 2101 2479 o-

345 2572 413 2620 55
475 2566 786 2624 Ariovistus,
815 2570 926 2612 Rex
946 2571 1156 2616 Germa-

271 2639 458 2673 norum.
480 2627 500 2679 )
528 2629 709 2674 Eorum
733 2627 974 2678 videlicet
993 2665 1008 2688 ‚
1035 2642 1153 2692 quo-

273 2699 396 2736 tum
428 2687 702 2738 militantes
733 2691 784 2737 in
813 2691 1035 2740 exercitu
1067 2705 1154 2740 suo

272 2750 413 2797 infra
437 2763 551 2810 cap.
576 2764 662 2812 ²4·
687 2761 809 2802 sect.
838 2765 924 2812 51.
951 2754 1158 2803 habuis-

1219 2565 1327 2629 sive
1354 2566 1441 2628 qui
1466 2564 1601 2612 inter
1632 2561 1869 2614 Rhenum
1888 2600 1903 2620 ,
1954 2565 2101 2614 Nicrl

1219 2625 1555 2678 confluentem
1575 2665 1589 2686 ‚
1610 2639 1665 2676 et
1680 2629 1897 2677 Danubii
1920 2629 2117 2689 sontes,.

1219 2702 1271 2740 et
1296 2695 1467 2750 paullo
1488 2694 1621 2740 ultra
1642 2695 1930 2748 coluerunt,
1956 2703 2100 2739 ante-

1258 2767 1376 2802 uam
1420 2755 1766 2803 Marcomanni
1795 2769 1821 2802 a
1851 2757 2099 2803 Mambli*-

273 2826 331 2862 se
354 2813 546 2862 dicitur
568 2849 582 2872 ‚
623 2816 712 2877 qui
740 2825 886 2865 erant
913 2821 1161 2875 Harudes,

275 2881 611 2925 Marcomanni
643 2913 658 2938 ‚
685 2882 896 2936 Triboci,
941 2883 1153 2936 Vangio-

223 2999 229 3006 ·
275 2955 364 2987 nes
382 2975 396 2998 ‚
427 2947 653 2988 Nemetes
677 2975 691 3000 ‚
720 2943 918 2988 sedus-si
935 2977 950 3001 ,
987 2945 1154 2990 suevi:

277 3015 444 3062 neque
467 3003 518 3050 hl
539 3015 714 3050 omnes
733 3001 963 3062 subiecti,
984 3005 1072 3052 sed
1093 3018 1174 3053 ex*

275 3065 342 3112 iis
382 3065 540 3114 etiarn
577 3066 886 3125 auxiliares,
920 3069 1054 3128 quod
1090 3067 1156 3116 de

279 3127 459 3176 Suevia
480 3163 494 3186 ‚
529 3128 637 3176 sive
657 3129 819 3176 Cattis
847 3139 1043 3180 certum
1063 3140 1158 3181 est.

277 3192 412 3246 Yide
446 3200 560 3251 post
594 3194 764 3251 paullo
791 3203 902 3253 cap.
929 3197 1010 3241 18.
1039 3201 1161 3242 sect.

281 3267 366 3314 37-
396 3255 523 3306 Inde
561 3256 832 3316 coll-igitur.
859 3257 1062 3316 populis
1095 3258 1162 3306 ad

281 3317 518 3368 Rhenum
535 3320 851 3379 superiorem
869 3320 1166 3382 imperasse,

1260 2830 1331 2926 ut>t
1362 2816 1415 2864 in
1450 2817 1777 2875 Boiohemum
1806 2821 2099 2868 transduce-

1220 2892 1307 2928 ren
1336 2892 1411 2926 ur.

1237 2951 1241 2956 '
1285 2952 1351 3000 59
1418 2944 1663 2990 Harudum
1697 2945 1849 2990 millia
1872 2946 2100 2996 hominum

1219 3005 1401 3058 xxiv.)
1440 3005 1605 3051 Vicini
1638 3006 1867 3053 Harudes
1890 3011 2101 3056 Marco-

1221 3067 1418 3116 mannis
1442 3068 1574 3116 inter
1588 3067 1823 3114 Rhenum
1837 3105 1851 3127 ‚
1870 3080 1920 3117 et
1938 3075 2099 3120 Danu·

1221 3130 1361 3178 bium
1385 3142 1413 3177 a
1439 3129 1665 3178 fontibus
1684 3145 1897 3179 novum:
1919 3133 2005 3194 qui
2032 3147 2098 3182 an

1223 3201 1361 3242 cum·
1384 3194 1758 3242 Marcomannis
1797 3195 1849 3242 in
1881 3197 2102 3253 ssojobe-

1225 3267 1369 3304 mum
1398 3267 1567 3316 postea
1593 3258 1887 3308 transierim
1908 3294 1924 3320 ,
1948 3260 2103 3310 incer-

1229 3330 1339 3370 tum
1354 3326 1447 3368 est.
1500 3355 1512 3360 -
