2459 3834
505 86 514 90 ,
591 85 596 90 ,
803 31 1155 82 ninum
1238 29 1407 80 vm.
1832 23 1987 104 253

161 107 532 167 attrebatem
563 111 758 185 prelio
797 127 927 170 cum
969 111 1229 184 equitatu
1260 123 1363 164 suo
1402 104 1784 166 contendisse.
1832 105 1991 166 Nam

168 205 294 246 cum
321 190 612 248 Antonius
658 194 717 249 in
751 189 990 246 hii-bena
1036 191 1290 245 venisset
1310 227 1331 259 ‚
1360 188 1681 262 civitasque
1698 186 1991 244 Atti-eba-

173 279 291 324 tum
313 269 372 323 in
414 269 621 327 officio
661 281 964 344 maneret3
1013 267 1252 326 Comius
1276 277 1315 339 ‚‘
1348 267 1447 341 qui
1497 280 1626 340 post
1656 269 1817 322 illam
1848 270 1991 323 vui-

171 349 520 406 hierationem
559 391 578 422 ‚
625 367 794 425 quam
863 364 1032 422 supra
1100 350 1673 406 commemoravimus
1704 386 1725 419 ,
1764 363 1990 422 semper
2086 363 2105 372 ·

165 429 230 481 ed
268 443 467 486 omnes
513 444 706 488 motus
753 443 988 506 paratus
1032 429 1148 485 suis
1190 427 1415 484 civibus
1466 443 1591 485 esse
1637 440 1988 502 consuesset,

158 520 226 562 ne
270 511 524 565 consilia
563 511 700 566 beni
728 509 1103 584 quaerentibus
1143 519 1345 565 auctor
1375 523 1665 564 armorum
1696 546 1717 578 ,
1764 507 1991 584 duxque

155 586 376 644 deesset
402 628 422 659 ,
457 603 703 664 parente
732 590 1007 646 Romanis
1036 589 1278 644 civitate
1312 627 1333 660 ‚
1382 603 1513 644 cum
1555 588 1668 643 suis
1698 585 1989 662 equitibus

155 679 213 721 se
241 705 260 738 ‚
319 683 573 743 suosque
621 669 946 724 latrociniis
993 668 1181 724 alebat
1210 707 1232 740 ‚
1290 665 1627 741 infestisque
1682 665 1988 746 itineribus

155 758 515 804 commeatus
547 751 864 822 complures
895 789 914 816 ,
943 747 1041 822 qui
1083 747 1588 822 comportabantur
1630 747 1693 801 in
1738 745 1981 804 hiberna

157 822 553 887 Romanorum
584 868 604 899 ‚
669 827 1094 901 intercipiebat.
1145 827 1295 888 Erat
1350 825 1661 882 attributus
1722 824 1980 886 Antonio
2021 813 2100 892 4⁸

153 905 460 976 praefectus
519 908 778 983 equitum
825 905 896 964 C.
940 905 1259 966 Volusenus
1300 904 1629 980 Quadratus
1656 945 1675 978 ‚
1715 907 1812 982 qui
1854 921 1987 968 cum

152 997 217 1040 eo
263 985 580 1056 hiemaret.
633 989 797 1044 Hunc
821 987 1106 1044 Antonius
1149 986 1221 1042 ad
1278 985 1721 1060 persequendum
1750 987 1988 1060 equita-

153 1074 270 1118 tum
297 1067 563 1140 hostium
593 1068 803 1128 mittit.
853 1066 1168 1130 Volusenus
1197 1078 1388 1123 autem
1418 1067 1491 1121 'ad
1512 1060 1651 1121 'eam
1687 1064 1989 1142 virtutem,

153 1159 266 1216 quae
297 1146 618 1222 singularis
645 1147 706 1203 in
749 1163 820 1204 eo
860 1159 985 1203 erat
1010 1187 1030 1218 ,
1091 1163 1358 1222 magnum
1410 1145 1603 1202 odium
1630 1141 1825 1201 Comii
1869 1148 1989 1202 ad-

158 1219 430 1300 iungebat
459 1269 482 1300 ‚
532 1241 644 1302 quo
697 1227 968 1283 libentius
993 1227 1055 1282 id
1085 1223 1303 1282 faceret
1326 1265 1347 1297 ,
1384 1227 1533 1300 quod
1576 1225 1985 1298 imperabatur.

155 1299 362 1379 ‘Itaque
381 1347 404 1380 ,
434 1307 736 1380 dispositis
767 1306 996 1362 insidiis
1019 1346 1040 1380 ,
1082 1308 1287 1380 saepius
1332 1305 1449 1380 ejus
1490 1305 1711 1379 equites
1740 1321 1987 1380 aggres-

162 1385 250 1438 sus
270 1424 289 1457 ,
331 1387 588 1444 secunda
631 1387 821 1462 praelia
867 1385 1136 1442 iaciebat.
1185 1384 1513 1442 Novissime
1541 1424 1561 1455 ,
1618 1399 1746 1439 cum
1792 1383 1986 1440 vehe-

166 1467 414 1534 mentius
445 1467 890 1524 contenderetur
909 1505 930 1539 ,
959 1481 1027 1520 ac
1055 1465 1375 1521 Volusenus
1402 1463 1579 1538 ipsius
1610 1462 1987 1537 intercipien-

167 1541 224 1596 di
249 1541 454 1602 Comii
486 1547 806 1620 cupiditate
835 1544 1184 1620 pertinacius
1203 1561 1332 1600 cum
1357 1545 1547 1618 paucis
1578 1542 1865 1600 insecutus
1894 1561 1986 1602 es-

165 1633 294 1695 set3
325 1626 432 1683 ille
461 1641 652 1682 autem
675 1626 809 1701 fuga
841 1625 1166 1680 vehementi
1197 1623 1547 1682 Volusenum
1590 1623 1811 1698 longius
1842 1641 1988 1697 pro-

171 1695 466 1781 duxisset3
497 1719 733 1780 repente
763 1705 1018 1764 omnium
1057 1721 1285 1762 suorum
1315 1705 1547 1760 invocat
1560 1701 1745 1758 {idem
1766 1741 1788 1775 ,
1816 1717 1991 1780 atque

170 1784 438 1842 auxilium
461 1789 483 1858 ,'
516 1803 586 1841 ne
615 1801 712 1842 sua
735 1787 966 1841 vulnera
985 1823 1006 1856 ‚
1036 1779 1093 1821 ²⁸
1129 1781 1369 1857 perfidia
1399 1782 1701 1856 imposita,
1723 1795 1991 1856 pateren-

167 1869 262 1916 tur
291 1864 480 1922 inuita
501 1885 522 1940 3
542 1879 922 1940 conversoque
941 1879 1118 1940 equo,
1139 1881 1200 1920 se
1227 1880 1264 1919 a
1293 1865 1517 1920 caeteris
1543 1861 1827 1919 incautius
1862 1881 1991 1938 per..

175 1939 360 2002 mittit
385 1947 447 2001 in
483 1945 828 2021 praefectum.
878 1941 1122 1999 Faciunt
1151 1943 1307 1999 idem
1352 1959 1546 2000 omnes
1586 1942 1703 2016 ejus
1744 1939 1993 2020 equites,

175 2034 488 2100 paucosque
527 2037 750 2083 nostros
797 2035 1135 2080 convertunt
1162 2062 1180 2095 ,
1229 2036 1399 2098 atque
1428 2023 1816 2096 insequuntur.
1858 2021 1993 2080 Co-

165 2099 318 2158 ·mius
348 2105 640 2162 incensum
683 2103 996 2160 calcaribus
1036 2119 1240 2178 equum
1276 2103 1462 2178 jungit
1505 2115 1649 2177 equo
1676 2100 1991 2178 Quadrati,

175 2178 482 2260 lanceaque
519 2181 1034 2241 infesta‘·medium
1089 2181 1274 2238 femur
1326 2182 1447 2256 ejus
1500 2182 1722 2256 magnis
1772 2179 1993 2240 viribus

168 2260 481 2340 mnsjicit.
525 2264 804 2321 Praefecto
845 2265 1146 2319 vulnerato
1169 2301 1191 2334 ,
1220 2277 1335 2318 non
1378 2261 1642 2338 dubitant
1676 2261 1859 2317 nostri
1896 2279 1992 2318 re·-

181 2337 376 2401 sistere
396 2385 417 2416 ,
457 2355 520 2400 et
555 2343 818 2402 conversi
860 2341 1086 2399 hostem
1116 2343 1345 2414 pellere.
1396 2340 1564 2414 Quod
1606 2339 1703 2396 ubi
1752 2341 1992 2417 accidit,

155 2419 496 2496 ‘complui-es
555 2425 809 2482 hostium
838 2462 859 2495 ,
915 2437 1126 2498 magno
1191 2435 1517 2501 nostrorum
1572 2421 1796 2493 impetu
1844 2422 1996 2495 pulsi

183 2502 547 2560 vulnerantur
569 2543 590 2578 ,
619 2515 680 2560 et
711 2503 922 2577 partim
953 2503 1015 2557 in
1043 2502 1178 2578 fuga
1210 2513 1577 2574 proteruntur
1607 2539 1629 2572 ,
1660 2501 1871 2572 partim
1900 2503 1994 2558 in-

163 2583 576 2666 ·tercipiuutur.
607 2582 776 2659 Quod
805 2582 901 2640 ubi
929 2584 1140 2638 maium
1171 2583 1287 2640 dux
1316 2579 1449 2656 equi
1468 2577 1783 2637 velocitate
1798 2583 1993 2644 evita-

161 2749 171 2758 ·
239 2728 306 2774 2⁸
374 2729 592 2780 Peuma
625 2725 906 2785 imposito.)
957 2725 1050 2774 Di·
1109 2721 1534 2782 similem‚cu3us
1556 2723 1759 2770 nullum
1788 2721 1877 2770 hic
1894 2735 1997 2773 ve·-

165 2789 334 2840 .versis
378 2789 574 2849 casibus
599 2823 616 2848 ‚
645 2789 859 2850 perfidia
890 2798 1052 2848 sexto,
1103 2785 1321 2847 ,sugium
1342 2794 1432 2837 est.
1459 2790 1565 2834 Nec
1590 2785 1809 2834 insolens
1837 2785 2003 2850 impo-

186 2843 416 2909 imposita
459 2863 643 2915 quarto
692 2851 1045 2900 multitudinis».
1113 2863 1232 2898 nere
1262 2851 1461 2898 vulnuS.
1500 2847 1677 2896 Cicero
1732 2852 1878 2897 Tusc.
1920 2865 2001 2900 ιν.

181 2907 445 2976 :Dionysius
489 2915 692 2964 Vossius
736 2913 1068 2973 emendavit‚·
1115 2923 1337 2974 24.quae
1368 2911 1452 2958 hic
1497 2910 1625 2969 reip.
1653 2911 1864 2960 vulnera
1888 2912 2005 2960 im-

181 2980 588 3040 turn-legeretur
631 2981 788 3038 vuigo
835 2977 1050 3038 perfidia
1115 2981 1333 3036 ponebat
1362 3008 1378 3033 ‚
1420 2976 1602 3022 eadem
1646 2973 1735 3020 ille
1768 2975 2000 3025 sanabat.
2070 2985 2077 2993 ’

187 3031 474 3101 interposita
495 3076 512 3101 ‚
533 3042 670 3105 quod
700 3043 1054 3102 incongruens:
1116 3045 1177 3086 Et
1201 3051 1295 3098 pro
1316 3037 1485 3084 Sextio
1508 3049 1619 3096 cap.
1642 3045 1723 3094 19.
1750 3037 2007 3099 accipien-

168 3105 274 3170 ‘¹⁹9'
289 3104 441 3152 fidem
459 3104 776 3166 interposita,
793 3104 928 3165 quod
947 3105 1054 3152 cla·
1116 3103 1180 3150 da
1202 3135 1218 3160 ‚
1240 3101 1421 3150 eadem
1454 3099 1557 3148 iuis
1584 3099 1859 3164 mqrtisera
1876 3102 2007 3166 ,qui

185 3169 284 3211 nus
309 3169 519 3228 quidem
540 3201 566 3228 ‚·
593 3169 694 3218 sed-
721 3167 1054 3230 participium
1115 3177 1235 3216 eam
1260 3163 1637 3226 imposuissent.
1686 3211 1693 3220 ,

167 3229 660 3295 »τηυὶι-ὶιιοοφω,
700 3229 1055 3291 imitabitur
1089 3268 1102 3280 .
1155 3269 1162 3278 .
1227 3267 1239 3281 .
1290 3269 1301 3280 .
1360 3269 1365 3276 .
1468 3265 1487 3286 .
1555 3269 1581 3281 ..
1626 3277 1633 3286 .

967 3523 974 3548 i
