2459 3834
445 103 600 183 274
1003 105 1106 155 mv.
1157 102 1401 154 BELLo
1455 101 1701 154 cunm

441 186 827 242 munitionem
860 185 1165 255 expleant.
1203 183 1462 238 tribunos
1510 181 1812 255 militum,
1858 193 1925 238 et
1971 178 2283 255 prefectos

339 249 352 262 ’
439 265 892 336 circummittit,
929 275 1102 336 atque
1132 262 1441 331 hortatur,
1472 279 1583 318 non
1623 263 1805 318 solum
1834 261 1906 317 ab
1934 257 2277 334 eruptioni-

441 344 544 398 bus
573 357 858 413 caveant,
907 343 1006 398 sed
1047 343 1227 397 etiam
1273 344 1625 416 singulorum
1668 341 1967 398 hominum
2014 345 2285 400 occultos

439 425 630 480 exitus
659 435 974 478 asservent.
1024 421 1228 494 Neque
1258 439 1398 478 vero
1429 436 1547 476 tam
1588 422 1827 478 remisso
1846 461 1869 493 ‚
1898 430 1967 476 ac
1994 423 2277 496 languido

438 506 636 559 animo
666 505 960 577 quisquam
999 503 1254 558 omnium
1288 503 1401 557 fuit
1422 542 1442 572 ,
1472 502 1566 575 qui
1598 517 1666 556 ea
1710 515 1879 558 nocte
1910 503 2277 576 conquieve-

437 585 541 638 rit.
579 581 769 637 Tanta
797 596 925 637 erat
955 599 1174 638 summa
1205 599 1393 637 rerum
1422 582 1778 654 exspectatio
1799 621 1819 652 ‚
1868 595 1933 636 ut
1978 585 2175 638 nullus
2216 583 2279 638 in

437 665 612 716 aliam
637 677 858 735 partem
880 663 1071 716 mente
1092 701 1112 734 ‚
1141 677 1316 735 atque
1345 663 1541 718 animo
1568 662 1925 734 traheretur,
1954 663 2100 734 quid
2134 663 2273 735 ipsis

437 739 892 814 Corfiniensibus
914 782 934 813 ,
961 741 1098 816 quid
1130 741 1399 798 Domitio
1418 781 1436 812 ,
1468 742 1609 815 quid
1625 739 1869 796 Lentulo
1888 781 1908 812 ,
1937 743 2087 814 quid
2129 743 2276 800 reli-

439 823 566 896 quis
595 822 886 878 accideret
907 859 930 893 ,
969 821 1068 896 qui
1098 838 1349 896 quosque
1390 835 1628 878 eventus
1668 821 1980 895 exciperet.
2156 875 2165 882 ,

1073 937 1424 998 CAPUT
1513 940 1616 997 xl.

373 1039 380 1050 ¹
433 1057 728 1120 Lentulus
753 1059 1046 1135 Spinther
1072 1077 1152 1118 ex
1178 1061 1386 1134 oppido
1402 1102 1423 1133 ,
1440 1057 1619 1134 facta
1651 1063 2009 1134 potestate,
2039 1077 2265 1142 egres..

305 1415 390 1462 ,2¹2

592 1159 694 1200 sus
719 1181 741 1216 ,
791 1143 866 1200 de
904 1159 1009 1198 sua
1058 1139 1253 1198 salute
1296 1156 1420 1196 cum
1450 1139 1687 1200 Caesare
1732 1143 1923 1221 agit,
1961 1145 2115 1204 inde

1177 1222 1524 1279 revertitur.

517 1299 810 1462 Quarta
837 1381 1042 1457 vigilia
1081 1381 1320 1437 circiter
1347 1379 1626 1438 Lentulus
1652 1379 1934 1454 Spinther
1976 1383 2061 1451 de
2108 1401 2266 1450 muro

433 1479 564 1516 cum
597 1463 860 1537 vigiliis,
889 1461 1327 1536 custodibusque
1358 1456 1572 1516 nostri's
1612 1456 2291 1543 colloquiturffl„

431 1543 543 1597 sibi
571 1541 675 1596 fiat
711 1554 1003 1616 potestas,
1029 1539 1313 1597 Caesarem
1344 1541 1669 1597 convenire.
1722 1539 1906 1596 Facta

427 1639 500 1676 ex
529 1623 744 1696 oppido
775 1622 1072 1692 mittitur,
1106 1639 1285 1696 neque
1315 1621 1386 1675 ab
1416 1637 1485 1677 eo
1536 1621 1691 1694 prius
1735 1617 1911 1678 Domi

418 1715 517 1757 tes
555 1701 860 1756 discedunt
879 1741 900 1772 ,
929 1717 1097 1774 quam
1128 1703 1190 1755 in
1237 1715 1605 1773 conspectum
1635 1698 1879 1756 Caesaris

423 1779 630 1836 “Cum
665 1799 733 1837 eo
763 1782 835 1838 de
863 1785 1044 1836 salute
1067 1797 1166 1835 sua
1196 1783 1367 1874 θεῖε)
1392 1794 1564 1852 orat,
1592 1794 1765 1854 atque
1792 1779 1897 1836 obs

421 1873 488 1915 ut
531 1875 773 1934 parcat,
801 1874 1169 1933 veteremque
1193 1861 1517 1916 amicitiam
1564 1876 1903 1916 commemor

419 1939 612 2013 risque
636 1941 695 1994 in
727 1957 801 1996 se
814 1937 1093 1995 beneficia
1123 1941 1361 2013 exponit
1382 1980 1403 2011 ‚
1432 1957 1553 2014 quae
1582 1953 1749 1995 erant
1779 1956 1903 1994 maa

417 2031 523 2091 per
553 2035 683 2074 eum
713 2035 775 2074 m
809 2021 1111 2094 callegium
1157 2019 1493 2093 pontificum
1552 2032 1838 2092 venerat;

413 2099 674 2154 vinciam
716 2100 1056 2172 Hispaniam
1085 2115 1156 2154 ex
1203 2113 1446 2172 praetura
1477 2057 1897 2172 habuerat3'q1

422 2180 636 2236 titione
693 2182 1016 2234 consulatus
1063 2180 1135 2234 ab
1193 2195 1267 2234 eo
1314 2191 1441 2234 erat
1471 2180 1813 2242 sublevatus·
1872 2183 1897 2234 (

417 2257 1251 2332 tionem·Caesar,interpeIlat
1275 2298 1297 2330 ,
1337 2277 1398 2314 se
1456 2275 1569 2314 non
1630 2251 1897 2314 maleficii

420 2341 722 2410 provincia
751 2355 1076 2413 eggressum
1101 2380 1120 2411 ,
1161 2339 1259 2394 sed
1290 2340 1375 2394 uti
1420 2355 1481 2393 se
1510 2355 1544 2393 a
1574 2337 1899 2395 contumeli2

413 2435 543 2472 rum
585 2421 956 2476 defenderet:
1002 2433 1064 2475 ut
1117 2419 1378 2474 tribunos
1428 2419 1606 2490 plebis
1646 2435 1715 2474 ea
1757 2436 1820 2472 re
1872 2433 1901 2472 e

413 2503 676 2571 expulsos
697 2537 716 2570 ,
745 2499 819 2554 ad
849 2515 1007 2554 suam
1037 2500 1384 2572 dignitatem
1409 2500 1743 2553 restitueret
1774 2515 1790 2555 ε
1835 2509 1899 2552 ut

414 2583 606 2650 pulum
640 2579 958 2635 Romanum
981 2619 1002 2650 ‚
1034 2578 1341 2650 paucorum
1371 2577 1625 2633 factione
1666 2593 1900 2650 oppress

397 2657 700 2714 bertatem
733 2659 1079 2714 vindicaret.
1103 2697 1148 2729 ,‚
1186 2657 1361 2732 Cujus
1391 2656 1658 2714 oratione
1686 2655 1903 2713 confirn

415 2744 604 2808 tulus,
656 2752 719 2795 ut
763 2741 820 2794 in
873 2740 1148 2811 oppidum
1196 2738 1415 2793 reverti
1469 2738 1688 2806 liceat,
1718 2737 1867 2808 petit

340 2873 347 2879 .
408 2835 510 2875 sua
540 2823 724 2877 salute
752 2820 1160 2893 impetraverit
1178 2859 1200 2890 ,
1227 2818 1357 2874 fore
1384 2817 1564 2872 etiam
1606 2817 1841 2890 reliquis
1868 2819 1900 2858 4

468 2965 543 3012 44
605 2955 683 2998 Ad
728 2968 866 3000 svam
913 2965 1046 3012 spem
1077 2950 1294 3004 solatio.)
1355 2948 1619 2998 Goduinus
1652 2957 1899 2996 tantum}

406 3015 659 3062 Arnaldus
691 3017 963 3064 Montanus
986 3049 1001 3073 ‚
1032 3023 1086 3064 et
1125 3019 1293 3072 Joan-
1356 3013 1647 3060 cusativum
1673 3028 1811 3060 snam
1837 3024 1897 3058 es.

403 3089 491 3122 nes
542 3077 804 3124 Goduinus
876 3078 1147 3126 ediderunt
1227 3079 1292 3123 ad
1352 3074 1894 3133 lamen-,adjectionem

401 3155 538 3185 suam
562 3155 614 3186 se
637 3144 812 3188 solutio
834 3177 849 3198 ‚
883 3151 938 3188 ut
961 3142 1027 3188 ad
1065 3145 1293 3198 salutem,
1355 3143 1533 3186 venet.
1548 3139 1700 3186 Basil.
1729 3149 1781 3186 et
1804 3135 1891 3185 Gri

401 3213 517 3262 quae
563 3215 659 3249 vox
689 3205 985 3262 praecessit,
1015 3206 1290 3262 reseratum
1354 3215 1487 3260 spem
1526 3206 1719 3250 solario.
1766 3202 1886 3250 Ciac

402 3276 464 3308 ue
497 3277 618 3312 vero
653 3267 847 3312 addunt
870 3301 886 3324 ,
917 3279 1019 3328 quo
1057 3278 1287 3324 auctore,
1350 3275 1493 3314 ctura
1516 3274 1591 3312 est
1604 3280 1631 3324 ,ι
1660 3269 1722 3312 ad
1744 3281 1880 3312 suam
1903 3289 2045 3321 ,μαι
2064 3277 2247 3324 μαιω-

399 3335 490 3374 aut
529 3339 594 3376 ex
646 3339 748 3388 quo
775 3330 949 3378 codice
983 3330 1064 3398 ita
1089 3331 1283 3391 legant.
1348 3337 1457 3380 tem
1475 3333 1497 3388 )
1518 3332 1653 3390 spei,
1684 3336 1735 3378 et
1762 3329 1957 3378 solatio.
