2459 3834
864 127 911 189 Ῐ,
934 141 965 187 1
997 136 1049 189 B
1077 138 1122 189 13
1156 138 1211 189 R
1291 136 1368 186 V·
1887 140 2032 223 133

180 234 247 275 re
276 216 679 293 intelligerent
697 254 721 288 ,
760 232 875 273 non
906 218 1078 274 modo
1102 220 1162 262 47
1194 212 1562 290 demigrandi
1593 232 1760 277 causa
1790 218 1864 277 de
1883 226 2038 281 vallo

176 298 487 354 decederet
514 313 689 352 nemo
702 335 723 368 ,
742 298 841 351 sed
864 314 1006 369 pene
1029 315 1099 353 ne
1120 298 1433 371 respiceret
1456 296 1684 371 quidem
1707 301 2032 375 quisquam;

171 394 243 433 ac
265 390 385 433 tum
408 372 513 432 am
524 393 626 431 nes
645 377 945 447 acerrime,
956 376 1382 451 fortissimeque
1405 393 1742 451 pugnarent.
1769 380 1883 434 l-lic
1903 382 2030 439 dies

168 458 385 513 nostris
416 459 605 529 longe
627 456 995 529 gravissimus
1024 456 1137 514 fuit
1160 458 1298 512 :sed
1333 469 1524 512 tamen
1551 458 1698 513 hunc
1729 459 1932 515 habuit
1963 478 2029 518 e·

162 549 408 591 ventum
432 576 456 608 ,
489 550 555 591 ut
592 551 661 591 eo
679 536 776 590 die
804 537 1083 591 maximus
1111 552 1372 593 numerus
1405 534 1654 593 hostium
1687 542 2030 596 vulnerare-

161 630 285 686 tur,
304 629 373 671 ut
405 633 471 671 se
496 616 606 673 sub
636 616 761 688 ipso
792 618 943 671 vallo
966 617 1470 688 constipaverant,
1493 634 1882 691 recessumque
1907 622 2030 691 pri-

161 695 279 757 mis
310 696 515 751 ultimi
552 711 669 751 non
698 694 933 749 dabant.
967 694 1221 752 Paullum
1249 697 1480 770 quidem
1502 697 1832 753 intermissa
1864 698 2030 757 flam-

162 790 289 845 ma,
308 788 371 830 et
400 776 665 849 quodam
694 777 820 830 loco
853 776 1001 829 turri
1032 777 1270 845 adacta,
1302 789 1361 833 et
1393 776 1766 851 contingente
1795 783 2031 853 vallum,

164 854 359 911 tertiae
392 854 671 911 cohortis
700 854 1063 910 centuriones
1089 872 1170 921 εκ,
1207 872 1278 911 eo
1300 895 1319 926 ,
1351 872 1465 929 quo
1485 857 1711 911 stabant
1729 896 1748 927 ,
1777 858 1905 915 loco
1927 877 2034 913 re·-

162 947 469 991 cesserunt
489 974 509 1004 ,
534 950 777 1007 suosque
806 951 1005 989 omnes
1032 949 1442 991 removerunt:
1479 950 1616 991 nutu
1639 976 1658 1006 ,
1689 938 2034 1012 vocibusque

162 1011 407 1083 hostes,
443 1014 499 1068 si
547 1014 797 1071 introire
844 1017 1057 1068 vellent
1086 1056 1103 1082 ,
1142 1032 1349 1071 vocare
1399 1031 1736 1087 coeperunt:
1788 1034 2030 1089 quorum

160 1094 443 1165 progredi
478 1110 654 1148 ausus
684 1105 770 1147 est
804 1110 989 1149 nemo,
1040 1092 1189 1149 Tum
1218 1112 1288 1149 ex
1317 1097 1474 1149 omni
1521 1108 1684 1165 parte
1713 1091 1773 1137 4⁸
1804 1098 2030 1169 lapidi·-

158 1170 265 1229 bus
294 1172 594 1247 conjectis
624 1172 914 1247 deturbati
936 1213 957 1245 ,
981 1174 1263 1248 turrisque
1305 1190 1572 1229 succensa
1600 1188 1708 1231 est.

148 1362 153 1367 ·
227 1343 299 1392 47
368 1335 698 1390 Demigrandi
726 1332 924 1385 eausa.)
968 1336 1075 1381 Fu·
1136 1336 1273 1391 bati,
1310 1334 1608 1393 turrisque.)
1634 1332 1854 1384 Romani
1883 1334 2031 1396 lapi·-

166 1394 379 1454 giendi,
408 1404 587 1444 castra
614 1396 877 1443 deserendi
906 1408 1073 1453 causa,
1135 1397 1282 1443 dibus
1336 1394 1506 1443 hostes
1550 1396 1827 1457 abegerunt
1860 1431 1876 1454 ,
1924 1410 2025 1445 eo-

168 1456 707 1519 Metaphrastes,ou‘x
731 1461 873 1518 timot,-
898 1458 1071 1517 φυγῆς
1136 1470 1351 1521 rumque
1424 1458 1610 1506 turrim
1675 1456 2022 1525 incenderunt.

166 1521 499 1579 ἐμέμνηντο.
1133 1524 1370 1580 Graecus,
1387 1518 1610 1581 Ραμαῐοι
1637 1518 2024 1579 σφενδονὴθαγυ

231 1586 301 1641 48
369 1586 646 1643 Lapidious
671 1586 891 1646 conjectis
910 1586 1068 1633 detur-
1132 1598 1229 1643 τες
1253 1594 1457 1637 cetera·

772 1724 825 1783 C
854 1724 907 1781 A
937 1724 983 1781 P
1013 1724 1069 1785 U
1100 1724 1153 1781 T
1237 1724 1462 1785 XVIII.

184 1881 254 1941 T.
280 1880 470 1959 Pulfio
491 1929 514 1962 ‚
536 1899 599 1945 et
626 1888 699 1947 L.
724 1884 799 1944 V
792 1902 997 1943 arenas
1027 1884 1394 1945 centuriones
1415 1926 1434 1960 ,
1454 1904 1579 1945 cum
1609 1886 1682 1946 de
1696 1889 1884 1963 primo
1903 1886 2026 1951 loco
2094 1888 2108 1899 ‘

181 1963 339 2019 inter
366 1976 693 2041 ses-emper
730 1966 1157 2023 contendissent
1190 2006 1209 2038 ,
1239 1968 1486 2043 adeoque
1507 1966 1664 2024 alter
1690 1969 1873 2026 alteri
1905 1971 2022 2027 ini-

185 2044 362 2101 micus
393 2059 555 2105 esset
584 2047 840 2119 ;accidit
866 2085 885 2116 ,
914 2056 1013 2116 ut,
1041 2045 1169 2101 dum
1200 2047 1651 2123 congrediuntur
1679 2065 1800 2103 cum
1831 2048 2026 2123 hoste,

186 2120 251 2179 in
286 2128 539 2183 maximo
566 2128 718 2182 vitae
750 2124 1013 2199 periculo
1052 2123 1208 2181 alter
1241 2124 1420 2182 alteri
1459 2124 1680 2183 auxilio
1711 2129 1792 2183 sit
1815 2166 1834 2191 .
1882 2130 2026 2187 adeo

188 2212 255 2255 ut
284 2204 395 2261 vix
418 2206 907 2279 possitjndicari
925 2244 946 2277 ,
997 2214 1129 2259 uter
1169 2206 1292 2259 utri
1339 2204 1756 2276 anteferendus
1793 2204 2025 2268 virtute

269 2284 373 2341 sit.
417 2286 638 2343 Plures
667 2285 860 2341 nuntii
908 2284 987 2339 ad
1004 2280 1290 2341 Caesarem
1319 2285 1480 2341 missi
1501 2323 1524 2357 ,
1551 2284 1942 2359 comprehensi

966 2373 1266 2423 necantur.

278 2452 511 2583 Erant
535 2525 595 2579 in
628 2540 697 2581 ea
726 2523 952 2599 legione
985 2520 1288 2579 fortissimi
1315 2522 1443 2581 'viri
1475 2524 1836 2583 centuriones
1860 2566 1882 2598 ,
1919 2524 2017 2603 qui
2057 2537 2136 2611 44

198 2593 313 2669 jam
350 2604 411 2647 ⁴⁹
449 2604 651 2679 primis
673 2605 977 2660 ¹ordinibus
1005 2603 1531 2679 appropinquarent
1551 2644 1572 2677 ,
1599 2604 1672 2661 T.
1705 2602 1888 2665 Pulfio
1910 2645 1931 2677 ‚
1957 2620 2020 2665 et

194 2674 262 2731 Ia-
281 2678 557 2740 Varenus.
601 2684 651 2739 Ii
686 2697 985 2756 perpetuas
1004 2682 1428 2739 controversias
1454 2684 1605 2739 inter
1629 2702 1690 2741 se
1711 2684 2023 2757 habebant,

204 2766 323 2811 uter
352 2765 521 2821 alteri
552 2763 973 2835 anteferretur,
1020 2762 1389 2835 omnibusque
1436 2762 1600 2819 annis
1643 2768 1702 2807 ⁵0
1759 2764 1834 2818 de
1894 2764 2023 2821 loco

202 2842 428 2899 summis
467 2842 855 2899 simultatibus
911 2840 1353 2899 contendebant.
1395 2840 1484 2897 Ex
1520 2842 1598 2898 iis
1643 2840 1863 2912 Fumo,
1894 2856 2026 2899 cum

206 2920 483 2980 acerrime
531 2922 603 2978 ad
656 2922 1035 2979 munitionem
1086 2931 1471 2994 pugnaretur:
1522 2918 1734 2995 “Quid
1775 2922 2026 2996 dubitas,

264 3084 343 3147 ,49
406 3084 584 3130 Primis
624 3083 863 3134 ordinibus
902 3054 1113 3139 appro—x
1150 3078 1306 3130 tatim
1355 3076 1652 3141 adspirasse.
1697 3078 1922 3141 Lipsium
1951 3080 2032 3131 le-

226 3145 553 3200 ?mquarenr.)
610 3146 757 3205 Quod
828 3145 1087 3205 gradatim
1152 3156 1213 3205 ge
1232 3144 1306 3191 *de
1335 3142 1448 3191 Mil.
1485 3147 1632 3191 Rom.
1679 3144 1768 3191 lib.
1807 3155 1888 3193 11.
1921 3148 1968 3192 8.

230 3207 517 3257 centurion-es
542 3206 988 3269 promovebantur,
1009 3207 1091 3253 vi-
1219 3217 1287 3265 50
1351 3212 1427 3256 De
1445 3211 1558 3259 loco.
1581 3208 1604 3265 >
1649 3210 1722 3257 De
1760 3208 1918 3270 gradu
1945 3206 2036 3261 dl-

234 3257 403 3312 dentur
434 3270 485 3318 hl
513 3272 567 3317 in
595 3272 815 3319 secundo
844 3270 1091 3331 principe,
1152 3268 1381 3333 gustatis-

236 3330 321 3371 aut
337 3328 433 3387 Pila
451 3332 628 3395 fuisse,
648 3346 707 3385 ac
729 3333 957 3396 primum
984 3344 1094 3383 cer-
