2459 3834
827 150 836 155 -
913 114 1245 173 mutu
1329 119 1407 173 v.
1938 123 2091 199 1¹9

229 197 556 261 essedarios
598 216 672 257 ex
703 197 872 259 silvis
913 199 1269 273 emittebat,
1314 214 1374 256 et
1406 216 1618 277 magno
1658 218 1786 261 cum
1829 203 2097 279 periculo

230 295 566 343 nostrorum
589 282 849 357 equitnm
876 296 1004 339 cum
1035 280 1110 337 iis
1140 276 1489 355 confligebat
1517 322 1540 355 ,
1568 298 1745 358 atque
1777 285 1889 343 hoc
1918 297 2079 342 metu

228 364 410 419 latius
449 362 654 438 vagari
688 360 1051 439 prohibebat.
1096 360 1551 435 Relinquebatur
1577 402 1599 437 ,
1640 378 1706 421 ut
1738 380 1919 440 neque
1949 368 2095 423 lon-

230 443 364 517 gius
393 442 468 499 ab
511 442 1076 521 agni-ineflegionum
1122 441 1347 497 discedi
1406 440 1597 499 Caesar
1644 456 1986 518 pateretur,
2030 458 2094 503 et

227 536 466 579 tantum
495 524 557 579 in
577 525 732 599 agris
753 522 1077 594 vastandis,
1097 520 1495 597 incendiisque
1524 522 1807 581 faciendis
1834 524 2095 582 hostibus

229 617 547 660 noceretur
571 644 590 675 ,
609 616 896 681 quantum·
931 601 1152 673 labore,
1181 615 1355 679 atque
1387 604 1602 661 itinere
1629 606 1938 680 legionarii
1970 606 2092 661 mi·-

229 683 376 739 lites
397 682 630 741 efficere
659 696 951 761 poterant.
973 683 1243 753 Interim,
1267 678 1326 727 ²³
1348 680 1761 758 Trinobantes,
1783 702 1961 759 prope
1983 684 2083 741 fir·
2126 703 2207 747 20

233 764 500 838 missima
525 780 724 822 earum
753 764 1054 837 regionum
1085 762 1299 819 civitas
1330 765 1349 832 (
1376 779 1449 819 ex
1478 780 1590 839 qua
1634 764 2084 823 Mandubratius

186 916 194 921 .
229 843 572 901 adolescens
611 839 856 903 Caesaris
887 842 1061 899 fidem
1096 856 1323 899 secutus
1347 883 1367 912 ,
1412 844 1487 899 nd
1512 861 1643 901 eum
1674 846 1736 900 in
1768 845 2086 903 continen-

231 934 360 980 tem
393 924 652 981 Galliam
680 938 920 984 venerat
948 940 964 981 z
997 922 1148 997 cujus
1182 937 1346 995 pater
1382 922 1776 981 lmanuentius
1808 924 1867 981 in
1898 943 1965 981 ea
1988 927 2086 983 ci·-

225 1004 426 1065 vitate
467 1022 707 1081 regnum
747 1002 1112 1063 obtinuerat:
1147 1003 1599 1081 interfectusque
1636 1019 1765 1063 erat
1798 1022 1833 1061 a
1875 1004 2089 1063 Cassi-

223 1087 498 1143 vellauno
519 1124 538 1158 ,
579 1085 705 1159 ipse
733 1084 870 1159 fuga
891 1096 1140 1141 mortem
1163 1084 1489 1157 vitaverat)
1522 1089 1747 1161 legatos
1772 1086 1847 1143 ad
1876 1080 2081 1145 (ἕξει-

219 1180 360 1237 rem
395 1166 638 1222 mittunt
659 1207 680 1238 ,
700 1165 1155 1241 pollicenturque
1183 1182 1309 1220 sese
1337 1164 1391 1221 ei
1421 1164 1721 1222 dedituros
1740 1206 1761 1239 ‚
1791 1179 1851 1223 et
1880 1167 2081 1239 impe-

217 1258 360 1300 rata
387 1246 642 1303 facturos
669 1264 684 1303 :
712 1257 954 1319 petunt,
973 1257 1036 1300 ut
1079 1242 1555 1301 Mandubratium
1583 1244 1654 1301 ab
1678 1244 1887 1321 injuria
1918 1243 2080 1302 Cas-

221 1322 538 1381 sivellauni
567 1324 843 1383 defendat
867 1342 882 1381 :
926 1335 1098 1397 atque
1129 1325 1186 1387 in
1219 1325 1525 1380 civitatem
1551 1326 1775 1397 mittat,
1803 1326 1899 1400 qui
1926 1344 2081 1398 prae·-

221 1406 310 1461 sit
332 1444 352 1475 ,
382 1404 803 1480 imperiumque
830 1404 1110 1461 obtineat.
1155 1404 1267 1459 His
1307 1400 1499 1461 Caesar
1550 1405 1802 1478 imperat
1851 1404 2081 1463 obsides

231 1483 388 1557 XL„
419 1484 878 1561 frumentumque
908 1485 1211 1543 exercitui:
1248 1482 1840 1560 Mandubratiumque
1872 1487 1943 1541 ad
1976 1502 2079 1541 eos

231 1566 450 1623 mittit.
495 1565 589 1622 Illi
619 1568 902 1641 imperata
939 1564 1208 1621 celeriter
1244 1563 1505 1621 fecerunt
1535 1582 1551 1622 :
1584 1564 1812 1623 obsides
1842 1566 1916 1621 ad
1956 1584 2071 1621 nu-
2116 1588 2189 1631 ῃ

230 1662 458 1702 merum
482 1686 502 1718 ,
531 1646 993 1721 frumentumque
1021 1644 1325 1701 miserunt.
1385 1643 1841 1703 Trinobantibus
1880 1646 2079 1703 defen·

228 1726 314 1783 sis
337 1764 357 1799 ,
379 1739 556 1800 atque
584 1728 658 1784 ab
700 1726 860 1783 omni
889 1725 1141 1781 militum
1180 1724 1394 1801 injuria
1428 1726 1739 1799 prohibitis
1758 1763 1778 1797 ,
1811 1728 1871 1768 ²⁴
1900 1723 2079 1781 Ceni-

229 1807 432 1881 tnagni
457 1846 478 1876 ,
507 1804 837 1883 Segontiaci
861 1844 881 1877 ,
915 1804 1209 1863 Ancalites
1232 1845 1253 1876 ,
1283 1804 1554 1876 Bibroci,
1583 1802 1791 1876 Cassi,
1836 1808 2081 1879 legatio-

224 1884 400 1943 nibus
429 1888 622 1945 missis
643 1926 664 1960 ,
693 1902 816 1943 sese
847 1882 1064 1943 Caesari
1109 1884 1477 1943 dediderunt.
1521 1884 1614 1941 Ab
1644 1885 1736 1941 his
1779 1887 2079 1961 cognoscit

227 1981 350 2022 non
391 1969 563 2043 longe
604 1984 678 2024 ex
713 1984 785 2023 eo
809 1968 944 2026 ,loco
981 1968 1039 2010 ²⁵
1095 1964 1371 2039 oppidum
1401 1962 1821 2023 Cassivellauni
1862 1966 2081 2039 abesse,

223 2046 402 2103 silvis
441 2048 854 2123 paludibusque
881 2045 1166 2103 munitum
1189 2086 1210 2117 ,
1261 2047 1562 2121 quosatis
1592 2062 1828 2121 magnus
1878 2047 2082 2103 homi-

223 2144 404 2203 num,
447 2144 835 2202 pecorumque,
859 2144 1122 2185 numerus
1152 2128 1510 2183 conveniret.
1543 2123 1601 2163 2⁶
1631 2124 1925 2198 Oppidum
1964 2126 2082 2185 ati-'-

227 2216 354 2265 tem
380 2206 652 2265 Britanni
676 2218 888 2265 vocant
917 2247 938 2279 ,
967 2222 1096 2263 cum
1135 2206 1313 2263 silvas
1344 2206 1656 2279 impeditas
1685 2207 1871 2277 valle,
1904 2216 2079 2280 atque

223 2286 387 2343 fossa
414 2289 746 2345 munierunt
768 2328 789 2359 ,
807 2304 919 2363 quo
941 2326 960 2357 ,
988 2286 1335 2342 incursionis
1364 2286 1618 2343 hostium
1641 2286 1889 2343 vitandae
1928 2303 2078 2343 cau-

229 2382 296 2423 sa
315 2407 336 2437 ,
367 2371 678 2427 convenire
699 2379 1136 2425 consueverunt.
1169 2366 1260 2423 Eo
1302 2365 1847 2437 proficisciturcum
1879 2367 2077 2441 legio-

231 2444 402 2511 ,nibus
428 2464 444 2503 ε
474 2450 661 2505 locum
703 2446 923 2522 reperit
949 2446 1179 2527 egregie
1221 2462 1427 2501 natura
1447 2488 1467 2518 ‚
1499 2460 1673 2519 atque
1720 2463 1893 2518 opere
1932 2464 2075 2504 mu-

232 2526 463 2589 nitum:
496 2542 690 2585 tamen
719 2529 870 2585 hunc
905 2527 1122 2586 duabus
1150 2543 1223 2582 ex
1266 2526 1527 2612 partibus
1568 2542 1897 2603 oppugnare
1933 2542 2074 2585 con·

227 2752 232 2760 .
293 2720 364 2769 23
430 2712 806 2766 Trinobantes.)
839 2710 906 2759 ni
939 2711 1120 2759 Ptolo·
1181 2710 1445 2765 camdeno
1479 2724 1582 2761 vox
1626 2720 1865 2761 concreta
1900 2718 1979 2759 est
2006 2724 2073 2761 ex

229 2784 372 2821 maeo
417 2784 538 2833 sunt
583 2778 903 2835 τρινόαντες
931 2809 946 2833 ,
979 2783 1120 2823 trans
1183 2766 1379 2823 duabus
1406 2775 1671 2835 gentibus;
1694 2775 1771 2822 illi
1802 2787 1863 2821 ex
1894 2773 2073 2835 laenis,

226 2836 422 2884 flumen
448 2838 728 2897 Tamesim,
746 2848 965 2899 quorum
989 2843 1120 2885 Lon·
1184 2847 1237 2885 et
1271 2839 1491 2899 eangist,
1516 2837 1634 2885 huic
1654 2852 1716 2885 ex
1755 2837 1937 2883 iisdem
1965 2842 2075 2887 lee-

218 2900 410 2948 dinum
449 2901 502 2948 in
543 2898 808 2961 ripa-fuit.
969 2938 978 2947 .
1183 2898 1299 2958 uls,
1343 2909 1396 2948 et
1430 2902 1653 2959 Regnis.
1693 2900 1788 2948 Sed
1845 2909 2075 2962 pugnant

287 2975 360 3024 24
422 2967 695 3024 Cenimagni
739 2998 757 3023 ,
831 2966 1123 3023 segontiaci,
1183 2962 1299 3013 hac
1322 2977 1439 3012 cum
1470 2965 1631 3013 libris.

223 3029 537 3081 Aualites.)
564 3026 776 3079 obscuri
806 3040 926 3075 cum
953 3031 1118 3075 Bibro—
1248 3037 1317 3087 25
1380 3030 1618 3086 oppidum
1674 3030 2077 3081 Cassivellauni.)

223 3091 296 3137 cis
320 3126 336 3147 ,
374 3100 426 3137 et
461 3094 664 3151 cassis,
688 3089 779 3152 qui
821 3100 1116 3151 sequuntur·
1181 3088 1335 3146 eujus
1364 3088 1599 3151 ignotum
1618 3102 1821 3149 nomen.

228 3156 496 3214 Cenimagni
533 3189 548 3213 ,
598 3156 778 3203 Graece
822 3156 925 3200 Κεν
962 3166 1116 3201 ravos
1248 3153 1315 3199 26
1374 3156 1603 3212 oppidum
1618 3157 1840 3201 Britanni
1860 3156 2075 3209 vocant.)

231 3214 379 3274 quasi
426 3231 453 3265 a
514 3216 840 3278 Cenimagnls
889 3214 1116 3264 Aulercis
1179 3216 1358 3263 Strabo
1386 3216 1471 3263 lib.
1504 3230 1707 3277 1v.pag.
1735 3219 1931 3277 138.de
1955 3217 2076 3269 Bri-

226 3277 382 3337 plura
413 3281 728 3329 Gallicarum
759 3278 990 3352 gentfuqn
1021 3291 1118 3327 no·
1183 3288 1229 3327 ta
1242 3278 1375 3338 nnis,
1394 3275 1587 3339 πολεις
1606 3282 1784 3329 αὐτῶν
1813 3280 1861 3327 οἱ
1892 3280 2077 3342 §.zugon
2160 3318 2165 3323 .

229 3338 374 3393 mina
399 3341 468 3405 {in
507 3342 782 3397 Britannis.
823 3342 996 3405 Lip‘slo
1013 3376 1030 3405 ,
1066 3350 1120 3391 et
1181 3343 1366 3403 oppida
1392 3345 1589 3395 suorum
1616 3355 1729 3394 sunt
1755 3361 1957 3395 nemora.
