2459 3834
421 104 574 179 116
923 122 1053 195 ‚ms
1103 118 1355 177 nanto
1408 112 1738 173 carneo
1990 182 1999 187 ‚

419 204 488 265 In
519 209 630 264 hoe
659 204 850 261 medio
892 222 1058 261 cursu
1087 216 1176 261 est
1207 204 1393 260 insula
1414 196 1435 273 ‚'
1463 218 1584 275 quae
1606 196 1941 275 'appellatur‘
1956 204 2019 239 20
2050 198 2255 261 Mona.

417 284 759 361 Complures
791 298 1066 359 praeterea
1091 278 1346 342 minores
1389 278 1622 359 objectae
1670 282 1867 355 insulae
1908 282 2261 339 existiman-

417 378 554 423 tur:
597 368 671 422 de
708 366 908 440 quibus
957 365 1156 421 insulis
1197 362 1453 422 nonnulli
1495 363 1891 437 scripserunt,
1929 362 2053 419 dies
2101 380 2263 420 con-

417 449 614 503 tinuos
643 462 772 501 xxx.
816 444 918 501 sub
963 444 1169 516 bruma
1205 462 1333 502 esse
1375 454 1623 499 noctem.
1678 441 1805 499 Nos
1854 442 2007 498 nihil
2056 444 2131 517 de
2184 460 2257 501 eo

415 524 985 600 percunctationibus
1033 526 1459 599 reperiebamus
1487 562 1509 595 ,
1540 522 1650 578 nisi
1688 523 1843 597 quod
1876 524 1935 559 ²¹
1971 524 2153 581 certis
2183 542 2260 581 ex

417 622 565 681 aqua
587 606 901 677 mensuris,
927 605 1222 663 breviores
1255 621 1376 661 esse
1410 614 1625 674 noctes,
1656 620 1825 677 quam
1856 603 1915 657 in
1946 605 2264 669 contineri-2

419 698 479 741 te
499 726 522 758 ,
549 685 899 741 videbamus.
946 684 1120 759 Hujus
1149 699 1237 743 est
1270 682 1571 758 longitudo
1612 682 1848 753 lateris,
1879 694 1943 739 ut
1984 682 2099 739 fert
2120 685 2263 741 illo-

320 775 332 789 *
417 782 548 821 rum
575 766 798 839 opinio,
825 765 1321 839 septingentorum
1369 764 1616 819 millium
1657 778 1937 839 passuum.
1984 762 2261 821 Tertium

416 858 508 902 est
532 860 735 903 contra
756 844 1263 920 septemtrionem,
1284 846 1377 900 cui
1402 842 1555 917 parti
1582 846 1738 911 nulla
1764 856 1853 899 est
1878 841 2105 917 objecta
2137 858 2262 900 ter-

413 942 523 983 ra:
555 927 654 983 sed
676 926 792 1001 ejus
830 922 1064 999 angulus
1086 924 1286 981 lateris
1321 925 1573 993 maxime
1608 922 1681 978 ad
1712 920 2087 981 Germaniam
2110 942 2262 998 spe-

416 1018 560 1061 ctat.
591 1007 720 1063 Hoc
750 1006 932 1061 millia
955 1022 1213 1079 passuum
1236 1007 1571 1078 octingenta
1590 1003 1652 1057 in
1666 1004 2101 1079 'longitudinem
2132 1022 2259 1071 esse

415 1087 791 1143 arbitrantur.
813 1086 905 1141 Ita·
927 1086 1114 1141 omnis
1135 1087 1320 1141 insula
1347 1098 1435 1141 est
1459 1086 1518 1140 in
1550 1084 1798 1140 circuitu
1826 1086 2006 1153 vides
2037 1098 2256 1141 cente-

301 1190 376 1251 14
418 1182 490 1221 na
515 1167 700 1223 millia
729 1182 1009 1239 passuum.
1045 1164 1134 1220 Ex
1163 1164 1256 1220 his
1279 1164 1539 1221 omnibus
1560 1166 1567 1175 ’
1585 1166 1755 1240 longe
1782 1178 1913 1221 sunt
1942 1164 2257 1230 humanis-ff

413 1247 593 1317 simi,
623 1248 722 1322 qui
763 1242 1040 1301 Cantium
1081 1246 1381 1315 incolunt,
1425 1262 1545 1318 quae
1597 1246 1763 1319 regio
1810 1258 1901 1301 est
1940 1244 2251 1303 maritima

412 1328 598 1383 omnis
619 1366 640 1399 ,
689 1342 870 1400 neque
898 1326 1140 1381 multum
1172 1342 1205 1380 a
1237 1323 1465 1381 Gallica
1496 1321 1773 1381 differunt
1813 1326 2251 1393 consuetudine.

411 1404 728 1465 Interiores
759 1405 1018 1480 plerique
1055 1404 1348 1462 frumenta
1400 1410 1512 1461 ‘non
1558 1416 1789 1477 serunt,
1814 1404 1914 1461 sed
1954 1408 2107 1475 lacte
2124 1446 2149 1478 ,
2188 1407 2252 1466 ἕ(

410 1504 586 1543 carne
627 1488 832 1543 vivunt
855 1524 880 1557 ‚
927 1485 1281 1560 pellibusque
1320 1498 1453 1541 sunt
1476 1484 1723 1539 vestiti›÷
1752 1500 1949 1541 omnes
2002 1484 2247 1551 vei-6⁴⁷²}

411 1584 474 1623 se
499 1566 760 1622 Britanni
780 1564 938 1621 vitro
961 1562 1249 1636 inficiunt,
1262 1565 1411 1639 quod
1436 1568 1733 1619 caeruleum
1755 1562 1939 1621 efficit
1968 1568 2251 1641 color-eim

411 1660 586 1721 atque
616 1646 727 1704 hoc
755 1643 1116 1701 horribiliori
1157 1656 1287 1700 sunt
1316 1645 1377 1699 in
1410 1658 1596 1719 pugna
1622 1656 1889 1717 aspectu:
1920 1645 2251 1720 capilloque

409 1740 544 1782 sunt
587 1725 892 1799 promisso,
921 1737 1094 1799 atque
1125 1726 1284 1795 omni
1358 1739 1483 1780 arte
1527 1726 1787 1798 corporis
1814 1742 1982 1799 rasa,
2032 1729 2250 1799 praetei:

405 1818 582 1881 caput
601 1845 623 1879 ‚
646 1818 706 1862 et
747 1804 968 1861 labrum
997 1806 1278 1877 superius.
1310 1743 1545 1883 Exores·
1568 1804 1784 1861 habent
1812 1806 1989 1878 deni,
2016 1806 2251 1861 duode-

407 1886 584 1960 nique
603 1886 756 1941 inter
783 1902 844 1941 se
883 1900 1212 1943 communes
1232 1926 1253 1955 ‚
1274 1896 1333 1941 et
1368 1886 1614 1941 maxime
1644 1884 1855 1941 fratres
1880 1902 2009 1942 cum
2039 1886 2247 1949 fratri-

407 1967 512 2021 bus
531 2004 553 2038 ‚
579 1978 640 2021 et
661 1977 927 2037 parentes
955 1981 1084 2019 cum
1114 1965 1331 2021 liberis.
1358 1963 1469 2041 Sed
1506 1966 1560 2038 ³si
1591 1966 1689 2039 qui
1711 1978 1842 2021 sunt
1862 1968 1943 2031 ,eit
1974 1966 2066 2023 h'is
2093 1960 2244 2042 natss

405 2060 608 2101 eorum
650 2041 933 2113 habentur
977 2045 1144 2101 liberi
1168 2086 1188 2115 ,
1217 2052 1250 2101 a
1281 2046 1483 2119 quibu's
1511 2046 1766 2119 'primum
1791 2046 2244 2121 virginesque}-

406 2140 518 2201 que
550 2125 734 2181 ductae
774 2137 924 2187 sunt.
955 2124 1259 2199 “Equites
1300 2126 1587 2201 hostium,
1634 2126 2020 2200 essedariique
2073 2126 2239 2189 a‘crij-

409 2220 501 2263 ter
543 2206 737 2279 praelio
781 2220 909 2262 cum
941 2206 1200 2278 equitatu
1234 2218 1432 2263 nostro
1441 2206 1556 2279 ,in
1588 2206 1801 2262 itifiere
1836 2192 2246 2291 conffiiteriinf}

400 2281 498 2343 ita·
517 2298 730 2358 tamen,
751 2296 816 2341 ut
846 2286 1031 2341 nostri
1063 2284 1325 2342 omnibus
1342 2286 1614 2359 'partibus
1634 2286 1963 2359 superiores
1988 2284 2241 2356 fuerint}

396 2381 572 2441 atque
611 2382 708 2421 eos
753 2366 814 2419 in
853 2365 1029 2421 silvas
1058 2405 1081 2438 ,
1127 2368 1431 2441 collesque·
1462 2366 1866 2439 compulerint.
1908 2363 2019 2421 Sed
2062 2382 2245 2421 com-

395 2445 654 2532 pluribus
683 2443 1053 2518 interfectis,
1072 2445 1355 2519 -cupidius
1384 2448 1670 2519 insecuti„
1693 2447 1993 2504 nonnullos
2023 2463 2103 2515 ex¹
2122 2446 2248 2518 suis

398 2518 731 2585 amiserunt.
763 2522 848 2579 At
873 2523 1006 2597 illi,
1035 2524 1371 2581 intermisso
1390 2526 1603 2599 spatio,
1630 2526 2091 2600 imprudentibus
2108 2543 2243 2582 -no-

393 2607 537 2663 stris
557 2642 577 2676 ,
597 2618 770 2679 atque
799 2604 1098 2677 occupatis
1127 2605 1188 2661 in
1221 2606 1546 2663 munitione
1576 2619 1894 2663 castrorum
1911 2645 1932 2678 ‚
1960 2604 2157 2661 subito
2174 2614 2244 2673 eje

381 2684 469 2743 'ex
519 2685 684 2741 silvis
736 2682 1059 2759 ejecerunt3
1101 2684 1432 2759 impetuque
1473 2688 1534 2741 in
1564 2692 1663 2743 eos
1704 2686 1902 2757 facto,
1926 2685 2030 2759 ‘qui
2073 2698 2247 2755 erant

395 2768 461 2823 in
490 2765 746 2825 statione
778 2780 895 2839 -pro
917 2834 922 2839 ⁸
943 2764 1152 2823 eastris
1199 2766 1473 2825 collocati
1493 2806 1533 2840 ‚.
1556 2766 1774 2823 acriter
1814 2778 2248 2841 pugnaverunt,

290 2168 362 2231 1⁵

459 2978 530 3015 20
593 2970 764 3015 Mona.
784 2950 814 3020 )’
840 2966 956 3013 Non
987 2962 1074 3013 illa
1106 2961 1287 3025 Taciti,
1346 2977 1497 3027 aquae
1542 2958 1839 3030 mensuram
1874 2962 2063 3026 factis„
2140 2952 2149 2962 ⁴
2201 2932 2226 3027 ἰ

394 3044 512 3094 quae
549 3028 785 3089 proxima
833 3026 1112 3076 Britanniae
1137 3062 1152 3087 ,
1185 3041 1279 3077 an·
1412 3042 1485 3079 22
1514 3033 1963 3094 ,veBritamzivitro
1982 3028 2247 3083 inficiunt.)

333 3110 338 3116 ·
394 3101 543 3154 gusto
583 3091 716 3139 freto
753 3089 1010 3149 dirempta
1040 3090 1171 3139 :se-1
1193 3084 1287 3141 s‘u-
1349 3096 1535 3143 Tuetut
1588 3092 1866 3143 Salmasius
1896 3126 1915 3152 ‚
1962 3092 2032 3141 ad
2066 3092 2249 3143 ,solini

393 3155 570 3217 perior
589 3189 604 3212 ‚
622 3155 676 3201 in
699 3152 874 3201 medio
903 3166 1050 3201 cursu
1075 3152 1198 3215 sita,
1224 3168 1286 3204 ac
1319 3188 1323 3191 »
1350 3168 1461 3217 cap.
1494 3150 1865 3219 23.-pag.'180.
1908 3160 2085 3209 contra
2138 3166 2247 3215 eos,

393 3218 554 3266 etiam
577 3229 700 3265 num
723 3223 928 3265 vocata.
950 3224 1094 3265 Man.
1347 3221 1433 3280 qui
1476 3224 1603 3281 lurco
1626 3254 1645 3281 ,
1692 3220 1787 3273 ‚vel
1833 3224 2003 3285 glasto
2046 3216 2247 3269 substi-

457 3291 522 3327 21
587 3282 748 3326 Certis
773 3294 836 3325 ex
864 3294 987 3337 aqua
1011 3280 1287 3335 mensuris.)
1348 3288 1514 3333 tuum.
1672 3304 1679 3311 ·
2102 3322 2105 3327 .
2208 3284 2217 3289 “

391 3340 691 3405 clepsydris
711 3374 730 3404 ,
765 3344 866 3417 seu‘
900 3340 1178 3405 horologiis
1215 3344 1285 3393 ad
