2459 3834
188 1245 217 1264 Χ

419 22 526 103 66
947 44 1048 97 ΒΕ
1097 43 1344 97 Βειιο
1396 42 1731 96 cauco

413 142 662 198 norum]
701 126 1164 198 munitionesque
1191 126 1357 197 plene
1386 136 1573 179 essent
1613 123 1879 203 perfeptae
1903 160 1925 196 ,
1963 140 2147 200 neque
2178 126 2261 185 de

331 222 336 229 ·
415 204 749 279 frumento,
794 208 1124 281 reliquoque
1168 217 1493 259 commeatu
1555 208 1901 261 satis‘esset
1946 209 2265 280 provisum,

415 289 570 361 quod
616 289 916 343 deditione
970 286 1123 341 facta
1147 325 1165 355 ,
1197 284 1597 357 obsidibusque
1636 288 1937 358 acceptis,
1986 287 2141 341 nihil
2184 290 2265 343 de

416 365 570 423 bello
601 369 920 423 timendum
951 366 1423 435 existimaverat3
1451 364 1701 421 concilio
1730 367 1999 421 celeriter
2038 384 2259 424 convo·-

416 460 550 502 cato
573 487 591 517 ,
621 450 934 503 sententias
969 445 1271 518 exquirere
1312 446 1517 515 coepit.
1562 444 1693 516 Quo
1732 446 1793 499 in
1830 447 2081 501 concilio
2123 465 2257 505 cum

414 540 640 581 tantum
674 526 959 599 repentini
985 526 1218 597 periculi
1251 538 1451 596 praeter
1479 525 1809 595 opinionem
1834 527 2163 597 accidisset,
2180 546 2257 585 ac

407 600 526 677 jam
569 608 762 661 omnia
817 605 934 661 fere
979 605 1277 677 superiora
1318 607 1443 657 loca
1484 605 1855 659 multitudine
1895 603 2253 664 armetorum

413 684 699 757 completa
729 702 866 743 cons
909 688 1198 740 icerentur
1219 724 1241 754 ‚
1273 700 1454 755 neque
1483 684 1740 739 subsidio
1778 686 1965 739 veniri
2000 726 2019 755 ‚
2064 703 2252 761 neque

408 778 762 821 commeatus
813 704 1140 838 snssportari
1171 802 1191 833 ,
1242 762 1571 817 interclusis
1621 763 1928 819 itineribus
1959 804 1980 835 ,
2029 781 2251 843 posset3

409 860 587 921 prope
613 844 727 919 jam
763 845 1289 919 desperata.salute
1327 844 1603 898 nonnullae
1636 843 1951 917 hujusmodi
2000 860 2249 903 senten-

408 924 501 977 tiae
525 915 894 997 dicebantur,
925 939 986 981 ut
1016 924 1451 996 impedimentis
1500 924 1724 977 relictis
1744 963 1764 993 ,
1800 924 2102 997 eruptione
2143 926 2249 981 fa-

405 1016 502 1059 cta
521 1018 550 1076 ·‚
581 1006 786 1060 iisdem
819 1004 1122 1061 itineribus
1143 1043 1164 1073 ,
1185 1004 1389 1075 quibus
1414 1018 1482 1057 eo
1516 1002 1909 1073 pervenissent
1933 1044 1951 1074 ,
1972 1005 2041 1057 ad
2074 1010 2251 1061 salu-

408 1097 527 1151 tem
557 1086 989 1141 contenderent.
1033 1082 1247 1154 Majori
1294 1098 1485 1137 tamen
1528 1084 1682 1154 parti
1724 1085 1979 1154 placuit,
2004 1084 2117 1139 hoc
2148 1103 2245 1151 re-

405 1178 636 1219 servato
667 1166 740 1218 ad
769 1178 1090 1221 extremum
1129 1162 1373 1219 consilio
1392 1202 1413 1233 ,
1440 1162 1679 1217 interim
1709 1164 1797 1218 rei
1826 1177 2098 1221 eventum
2126 1182 2244 1225 ex-

404 1244 584 1317 periri
609 1284 631 1317 ,
653 1258 723 1300 et
751 1256 941 1301 castra
982 1243 1307 1299 defendere.

1041 1401 1391 1461 CAPUT
1466 1400 1597 1459 lv.
1682 1436 1691 1443 ·

398 1560 683 1619 Hostium
732 1562 1012 1621 decursio.
1064 1562 1271 1623 Galbae
1313 1572 1519 1622 castra
1559 1574 1937 1640 premuntur,
1973 1565 2053 1622 ad
2071 1582 2239 1643 quem

396 1641 472 1697 P.
505 1638 686 1699 Sext.
719 1642 978 1701 Baculus
997 1684 1018 1717 ‚
1049 1656 1114 1703 et
1154 1638 1219 1699 C.
1255 1642 1583 1699 Volusenus
1622 1658 1971 1719 accurrunt3
2000 1664 2233 1724 quorum
2306 1647 2311 1653 '

395 1722 633 1780 com-ilio
676 1722 876 1781 hostes
919 1722 1218 1803 fingantur
1239 1761 1258 1793 ,
1305 1722 1511 1795 plures
1550 1718 1727 1779 arr‘nis
1784 1724 2027 1797 spoliati
2066 1729 2235 1785 occi·-

715 1804 950 1863 duntur.
994 1806 1143 1865 Inde
1191 1799 1388 1858 Galba
1440 1803 1501 1857 in
1540 1804 1910 1877 provinciam

1155 1882 1475 1941 contendit.

309 2052 356 2113 4
459 1976 702 2117 ‘Brevi
725 2042 920 2119 spatio
947 2044 1275 2119 interject0‚
1301 2044 1398 2099 vix
1421 2054 1483 2099 ut
1512 2040 1605 2099 his
1632 2044 1819 2117 rebus,
1840 2063 1978 2121 quas
2007 2046 2233 2103 consti-

389 2120 634 2193 tuissent
654 2164 675 2195 ,
701 2126 1054 2181 collocandis
1073 2165 1093 2195 ,
1123 2140 1298 2201 atque
1340 2123 1815 2181 administrandis
1859 2140 2079 2200 tempus
2110 2128 2231 2183 da·-

383 2216 544 2257 retur
565 2244 586 2274 ,
618 2205 814 2260 hostes
844 2222 915 2259 ex
942 2206 1203 2261 omnibus
1236 2206 1489 2275 partibus
1509 2204 1677 2277 signo
1718 2207 1855 2263 dato
1882 2211 1914 2267 ‚²
1951 2206 2225 2265 decurre.

381 2298 482 2353 re,
511 2284 732 2355 lapides
752 2325 773 2355 ,
806 2287 833 2328 3
863 2302 1118 2359 gaesaque
1151 2290 1211 2340 in
1254 2288 1461 2339 vallum
1493 2283 1797 2356 conjicere.
1826 2286 2031 2343 Nostri
2046 2299 2074 2357 ,·
2090 2289 2229 2359 pri·-

381 2368 480 2437 'mo
525 2362 773 2439 integris
805 2365 1022 2423 viribus
1041 2404 1062 2439 ‚
1104 2367 1341 2425 fortiter
1375 2381 1692 2439 repugnare
1712 2404 1734 2437 ,
1762 2383 1803 2439 4
1833 2384 2014 2441 neque
2044 2372 2225 2427 ulium

448 2579 480 2618 2
513 2574 780 2617 Demrrere
807 2598 822 2627 ‚
841 2571 1113 2632 conjicere.)
1144 2573 1273 2621 Puta
1340 2571 1659 2633 notavimus,
1686 2572 1728 2622 si
1756 2573 1899 2621 lubet
1920 2606 1935 2633 ,
1964 2573 2160 2624 videas.

379 2644 622 2691 ceperunt
646 2669 658 2690 ‚
685 2644 798 2693 quae
839 2630 1082 2685 solemnis
1110 2634 1273 2695 figura
1401 2650 1437 2695 4
1496 2642 1662 2697 Neque
1680 2641 1827 2684 ullum
1843 2640 2048 2689 frustra
2076 2644 2231 2687 telum

380 2694 639 2755 historicis
657 2731 671 2753 ‚
701 2696 875 2756 Livio,
909 2698 1026 2759 aliis
1049 2732 1066 2759 ‚
1089 2702 1275 2761 Sallus·
1336 2701 1386 2745 in
1430 2705 1525 2747 loco
1547 2704 1797 2763 suges-iori-
1821 2701 1843 2755 >
1873 2703 2075 2749 Mureto
2098 2716 2147 2749 v.
2182 2707 2227 2750 1.

376 2758 456 2807 'tio
490 2759 736 2807 maxime.
1288 2759 1295 2765 '
1337 2757 1427 2809 lib.
1453 2776 1502 2810 x.
1531 2774 1613 2823 15.
1638 2764 1749 2813 haee
1779 2764 2018 2813 videntur
2044 2765 2109 2812 ad
2130 2778 2229 2823 su·-

366 2843 371 2850 ·
445 2834 474 2881 3
509 2827 735 2883 Gaesaque
755 2826 997 2871 invallem
1015 2827 1294 2885 conjicere.)
1339 2824 1539 2885 periora
1565 2827 1631 2883 de
1658 2826 1859 2886 Alpinis
1880 2827 2233 2890 impugnanti-¹

345 2882 584 2933 'Gaesum
619 2891 778 2935 telum
814 2889 1265 2946 Gallie-umerum

377 2948 543 3008 Festo,
567 2959 778 2997 tenerum
810 2951 976 2999 Nonio
997 2956 1080 2999 Ma
1090 2954 1263 3000 rcello:

375 3008 594 3071 ideoque
624 3010 794 3061 Livius
833 3026 958 3061 v111.
995 3018 1042 3063 8.
1066 3015 1267 3063 levibus

371 3073 626 3123 militibus
643 3075 824 3123 tribuit
843 3078 1005 3125 etiam
1024 3078 1267 3126 interR'o-

373 3148 580 3194 manos,
596 3137 843 3197 VIrgilius
865 3152 997 3187 vm.
1021 3141 1141 3201 691.
1172 3148 1267 3189 Al·-

369 3201 488 3254 pina
514 3216 648 3255 gaesa
679 3200 839 3257 dixit,
858 3214 1011 3262 quem
1040 3205 1193 3253 Silius
1216 3217 1266 3254 1.

376 3260 744 3319 629.imitatus
764 3273 864 3321 est3
885 3267 952 3315 ad
973 3278 1130 3331 quem
1149 3280 1269 3329 quae

1327 2883 1420 2937 bus
1454 2889 1755 2939 retrahenda
1780 2890 1844 2937 ob
1886 2895 2031 2937 locum
2073 2906 2231 2949 supe-

1328 2954 1533 3001 riorem:
1562 2952 1649 3003 sed
1681 2956 1823 3003 salva
1856 2967 1933 3001 res
1958 2962 2033 3001 est
2052 2988 2067 3013 ,
2100 2954 2231 3015 quia

1330 3015 1669 3065 decurrerant
1682 3030 1745 3065 ex
1765 3014 2040 3076 montibus,
2051 3024 2103 3065 et
2118 3019 2230 3067 val,

1331 3078 1441 3125 lum
1468 3089 1752 3127 castrorum
1781 3094 1845 3129 ex
1878 3082 2014 3127 valle
2051 3093 2231 3141 oppu-

1330 3140 1575 3201 gnabant:
1591 3145 1809 3191 Romani
1829 3150 2006 3191 autem
2024 3156 2089 3191 ex
2112 3146 2231 3193 val-

1330 3206 1383 3251 lo
1404 3217 1457 3252 se
1477 3204 1803 3255 defendentes
1834 3207 2036 3256 stabant
2063 3218 2231 3267 supe-

1331 3266 1509 3321 riores.
1516 3269 1663 3321 Adde
1675 3270 1823 3325 Dion.
1838 3269 2014 3322 vossio
2024 3279 2225 3323 notata.
