2459 3834
9 3550 17 3637 -—-—
9 3474 12 3533 -—
8 3284 17 3451 -νῄ-’ν-

816 81 988 133 LIB.
1050 80 1124 131 A.
1178 78 1451 131 mlt‘ru.
1817 82 1970 164 447

148 186 221 225 ex
282 162 671 223 tumultuariis
728 150 1011 217 militibus
1077 161 1141 215 in
1228 156 1417 216 Ponto
1497 158 1760 217 confecta
1838 177 1992 239 erat,

150 246 577 321 Quint-,tumque
638 241 926 299 Parisium
994 240 1053 295 in
1118 236 1392 295 Ciliciam
1462 238 1534 293 ad
1604 242 1818 299 auxilia
1881 261 1992 301 ac-

150 327 441 383 cersenda.
483 323 624 399 Quae
670 320 848 395 copiae
887 320 1154 379 celeriter
1192 333 1392 375 omnes
1434 315 1584 391 jussu
1623 318 1876 378 Domitii
1925 320 1986 369 ⁴⁶

153 403 422 463 Comanae
471 412 881 461 convenerunt.
930 398 1170 455 Interim
1212 393 1393 473 legati
1431 414 1465 453 a
1511 397 1824 459 Pharnace-
1857 418 1991 460 res-2
2033 416 2108 479 35

9 506 11 597 J
156 502 331 559 ponsa
391 484 649 540 referunt
668 516 689 555 ,
751 478 1179 553 „Cappadocia
1239 494 1300 533 se
1363 477 1712 551 decessisse,
1771 480 1997 539 Arme-

160 565 315 620 niam
365 566 651 622 minorem
710 559 1032 632 recepisse,
1094 568 1266 631 quam
1307 570 1547 629 paterno
1598 561 1830 617 nomine
1865 562 1990 637 jure

163 644 425 701 obtinere
464 643 697 699 deberet
719 656 743 712 .·,
769 638 1011 711 denique
1039 635 1156 709 ejus
1186 636 1352 711 regni
1395 652 1558 693 causa
1588 638 1818 714 integra
1859 640 1998 699 Cae-

166 723 284 781 sari
312 734 687 792 servaretur3
718 730 976 791 paratum
1019 717 1173 771 enim
1205 733 1268 771 se
1313 712 1503 771 facere
1524 756 1545 788 ,
1583 720 1734 790 quod
1777 717 1828 777 is
1865 736 1998 780 sta-

165 804 447 859 tuisset.“
518 799 627 855 Cn.
688 797 1026 868 Domitius,
1086 812 1213 851 cum
1279 795 1808 871 animadverteret,
1871 818 1999 865 eum

168 879 547 955 Cappadocia
597 878 945 947 decessisse,
1004 892 1117 931 non
1156 876 1455 929 voluntate
1513 876 1862 949 adductum,
1899 886 2002 937 sed

173 960 521 1015 necessitate
541 998 564 1030 ,
603 958 752 1033 quod
792 956 1017 1011 facilius
1036 953 1374 1009 Armeniam
1427 953 1733 1012 defendere
1796 972 2004 1033 posset,

169 1038 480 1113 subjectam
530 1055 631 1095 suo
676 1050 892 1111 regno,
940 1049 1111 1109 quam
1159 1032 1588 1107 Cappadociam
1631 1036 1852 1112 lougius
1900 1057 2006 1096 re-

174 1131 391 1175 motam
414 1159 435 1191 ‚
462 1116 723 1193 quodque
763 1128 959 1171 omnes
995 1130 1129 1169 111.
1158 1114 1416 1187 legiones
1463 1114 1838 1180 adducturum
1867 1118 2006 1176 Do-

173 1199 401 1255 mitium
434 1208 733 1271 putasset3
760 1212 829 1251 ex
870 1188 1071 1268 quibus
1112 1207 1242 1247 cum
1289 1210 1378 1249 11.
1431 1196 1503 1249 ad
1544 1192 1824 1251 Caesarem
1855 1199 2006 1256 'mis-1

174 1289 265 1334 sas
292 1278 543 1333 audisset
569 1315 588 1348 ,
623 1276 996 1347 audaciusque
1034 1273 1095 1326 in
1120 1272 1400 1327 Armenia
1440 1274 1823 1349 substitisset,
1862 1296 2005 1351 per-

175 1372 439 1414 severare
484 1356 701 1428 coepit,
752 1367 813 1408 ut
856 1368 927 1409 eo
974 1368 1196 1425 quoque
1235 1368 1412 1425 regno
1457 1350 1804 1427 decedet-etz,
1853 1360 2008 1413 “ne-

176 1452 287 1509 que
324 1436 479 1491 enim
509 1435 675 1490 aliud-
694 1432 811 1507 ejus
838 1448 961 1487 esse
1000 1428 1382 1507 Cappadociae
1404 1471 1424 1502 ‚
1459 1446 1634 1506 atque
1687 1434 1996 1511 Armeniae,

175 1530 283 1569 nec
318 1514 465 1589 juste
495 1532 621 1569 eum
665 1516 992 1587 postulare,-
1030 1522 1095 1565 ut
1140 1512 1201 1565 in
1261 1508 1504 1567 Caesaris
1547 1513 1854 1572 adventum
1915 1534 2010 1573 res

176 1594 405 1669 integra
424 1590 790 1651 differretur-2
840 1592 903 1647 id
950 1590 1107 1647 enim
1162 1606 1288 1647 esse
1344 1590 1671 1665 integrum,
1721 1595 1870 1669 quod
1921 1598 2008 1655 ita

178 1688 368 1747 esset,
408 1682 473 1730 ut
502 1670 723 1729 fuisset.
737 1707 778 1745 ‚,
818 1672 934 1727 His
974 1670 1262 1744 responsis
1290 1670 1485 1747 datis,
1533 1688 1660 1727 cum
1691 1673 1768 1733 iis
1807 1676 2013 1749 copiis,
2071 1694 2079 1703 ²

179 1765 317 1827 quas
358 1767 528 1827 supra
570 1754 821 1825 scripsi,
851 1750 1141 1825 profectus
1178 1762 1268 1806 est
1300 1750 1360 1805 in
1399 1750 1734 1807 Armeniam
1759 1794 1780 1824 ,
1829 1757 2013 1813 locis-

180 1849 291 1905 que
338 1832 724 1905 superioribus
763 1832 876 1886 iter
915 1830 1111 1885 facere
1146 1829 1422 1886 instituit.
1465 1828 1620 1885 Nam
1661 1850 1730 1887 ex
1751 1834 1937 1893 Ponto
1976 1852 2014 1891 a

180 1909 459 1968 Comanis
482 1907 673 1986 jugum
704 1912 922 1967 editum
952 1910 1218 1965 silvestre
1248 1922 1337 1965 est
1357 1950 1380 1981 ‚
1411 1911 1743 1987 pertingens
1783 1914 1844 1969 in
1881 1914 2013 1972 Ar·-

183 1992 432 2047 meniam
488 1992 807 2047 minorem:
858 2006 969 2064 quo
1018 1986 1401 2062 Cappadociae
1443 1988 1639 2045 finitur
1694 1990 1766 2047 ab
1804 1994 2014 2051 Arme-

185 2068 304 2127 nia.
346 2067 519 2145 Cujus
549 2068 777 2129 itineris
822 2068 905 2128 hae
949 2082 1115 2124 erant
1145 2084 1319 2123 certae
1349 2072 1835 2145 opportunitates,
1863 2076 2016 2149 quod

180 2148 243 2205 in
286 2148 433 2220 locis
471 2148 859 2225 superioribus
901 2152 1082 2205 nullus
1124 2149 1370 2221 impetus
1409 2152 1738 2221 repentinus
1779 2156 2018 2211 accide-

182 2244 253 2294 re
283 2230 533 2295 hostium
568 2242 795 2303 poterat
816 2268 837 2300 ,
878 2241 939 2283 et
970 2228 1121 2303 quod
1160 2226 1532 2300 Cappadocia
1569 2231 1670 2285 his
1698 2229 1846 2304 jugis
1887 2234 2020 2289 sub-

180 2304 335 2381 jecta
362 2343 386 2382 ,
424 2320 688 2383 magnam
720 2317 1068 2365 commeatus
1130 2308 1362 2379 copiam·
1414 2317 1540 2363 erat
1607 2310 2019 2369 subministra-

188 2400 337 2443 tura.
378 2384 716 2460 Complures
758 2384 993 2442 interim
1042 2388 1364 2461 legationes
1421 2386 1746 2444 Pharnaces
1773 2392 1847 2445 ad
1883 2392 2017 2450 Do-
2061 2391 2139 2467 36

186 2467 421 2521 mitium
460 2458 689 2538 mittit,
736 2483 856 2541 quae
888 2466 959 2529 de
1005 2482 1142 2538 pace
1180 2479 1463 2539 agerent,
1504 2470 1772 2543 regiaque
1811 2487 2014 2531 mune..

188 2560 257 2599 ra
297 2542 567 2602 Domitio
607 2546 847 2602 ferrent.
891 2545 978 2600 Ea
1002 2558 1336 2602 constanter
1377 2549 1569 2601 omnia
1595 2552 2026 2627 aspernabatur,

188 2641 297 2681 nec
354 2624 465 2680 sibi
526 2626 829 2700 quidquam
892 2625 1017 2685 fore
1080 2627 1414 2701 antiquius,
1457 2644 1624 2701 quam
1675 2630 2024 2704 dignitatem

243 2778 314 2842 46
364 2784 941 2851 σσνηαηκσοηυεηςναητῦ
954 2784 1077 2833 Haec‘
1136 2782 1359 2832 Comana
1383 2788 1519 2836 foem.
1551 2790 1676 2845 sing.
1707 2790 1787 2835 τὰ
1809 2790 2022 2850 Κέμανα

190 2842 413 2894 Comana
446 2847 649 2896 Pontica
678 2846 815 2904 fano,
838 2858 887 2895 et
910 2859 1075 2895 sacer·
1138 2848 1344 2907 plurali.
1385 2848 1668 2910 Utrobique
1705 2850 1886 2899 eadem
1926 2858 2024 2911 dea

191 2905 335 2957 dotio
358 2909 571 2959 illustris
594 2944 609 2968 ,
632 2922 727 2956 non
752 2911 1074 2970 Cappadocia
1138 2914 1363 2969 culta‚ut
1376 2912 1553 2957 Strabo
1586 2915 1741 2960 refert
1771 2915 1888 2963 libr.
1919 2932 2025 2970 κη.

191 2967 311 3029 illa,
346 2985 459 3033 quae
492 2986 650 3033 prope
679 2972 803 3019 fines
840 2981 915 3021 est
944 2973 1078 3020 eili-
1139 2977 1349 3021 Bellona
1392 2972 1588 3021 scilicet
1609 3010 1622 3032 ‚
1663 2986 1720 3023 ut
1749 2988 1916 3027 noster
1941 2982 2028 3029 in-

193 3032 307 3091 ciae‚
328 3048 443 3082 nam
474 3050 519 3083 c.
546 3050 608 3083 ex
635 3041 786 3083 Ponto
814 3052 842 3081 a
866 3040 1079 3083 Comanis
1142 3036 1222 3084 fra
1263 3050 1372 3095 cap.
1421 3048 1504 3082 20.
1552 3048 1672 3085 sect.
1725 3040 1808 3087 66.
1851 3045 2028 3093 nomi-

190 3091 367 3153 jugum
397 3098 597 3146 editum
622 3098 857 3147 silvestre
876 3084 1080 3159 estspet·
1142 3106 1257 3146 nat:
1283 3104 1342 3147 Et
1374 3100 1544 3150 Valet.
1577 3103 1758 3149 Flacus
1779 3102 1900 3155 libr.
1921 3121 2028 3157 vu.
2079 3138 2089 3149 ·

188 3158 327 3217 quud
354 3160 803 3231 ‘proficiscendum
850 3162 1082 3209 Domitio
1142 3176 1195 3210 v.
1214 3158 1336 3221 636.

186 3228 300 3267 erat
350 3232 403 3267 tu
460 3225 757 3277 Armeniam
806 3224 1078 3274 minorem.
1182 3255 1291 3274 ......
1339 3234 1560 3273 exsectos
1600 3230 1784 3281 lacerat
1825 3236 2033 3283 Bellona

188 3278 393 3333 Dicitur
442 3296 565 3335 vero
606 3295 820 3349 utroque
848 3300 1081 3350 numero,
1163 3306 1199 3342 ·,
1268 3284 1510 3341 comanos.
1629 3332 1634 3335 .
2002 3300 2012 3311 ·
