2459 3834
472 130 481 148 ι
873 103 929 160 1.
950 106 985 157 1
1008 103 1065 157 Β
1092 102 1139 156 13
1168 101 1229 156 R
1305 103 1428 158 111.
1479 135 1487 143 ·
1915 105 2008 179 41
2029 107 2064 160 1

142 231 149 238 -
202 202 395 250 verse
410 229 433 264 ,
470 187 667 249 caesar
702 186 899 260 copias
923 202 1057 243 suas
1098 183 1308 242 divis-it
1327 223 1350 256 ‚
1392 193 1731 262 partemque
1769 184 2068 262 legionum

206 273 287 331 in
328 274 533 328 cestris
560 269 821 344 Pompeii
858 283 1157 323 remanere
1198 263 1368 340 jussit
1387 306 1410 340 ‚
1459 279 1684 340 partem
1735 267 1796 322 in
1827 284 1929 324 sun
1977 285 2078 324 re-

214 353 387 410 misit
406 369 425 408 :
480 369 559 408 iv.
614 365 811 406 secum
848 347 1103 422 legiones
1158 345 1324 402 duxit
1344 385 1366 420 ,
1411 347 1918 422 commodioreque
1967 347 2073 404 iti·
2169 377 2174 383 ·

210 449 361 490 nere
408 429 779 505 Pompeianis
804 443 1113 486 occurrere
1158 425 1380 500 coepit:
1429 439 1492 484 et
1525 443 1856 502 progressus
1885 427 2076 486 miliia

206 527 489 588 passuum
510 529 631 582 v1.‚
660 511 847 566 aciem
877 506 1170 564 instruxit.
1190 503 1325 580 Qun
1355 523 1420 563 re
1447 509 1874 582 animadversa,
1891 507 2073 565 Pom·

204 592 415 666 pejani
464 571 528 648 i'n
584 583 833 664 quodam'
882 600 1081 645 monte
1124 587 1533 664 constiterunt.
1587 587 1757 646 Hunc
1805 599 2067 648 montem

204 671 435 729 fiumen
482 670 797 727 subluebat.
840 665 1033 726 Caesnr
1052 705 1075 740 ,
1121 665 1340 724 milites
1386 668 1727 728 cohortatus
1747 709 1770 743 ,
1817 669 1932 728 etsi
1965 682 2070 728 to-

214 753 349 808 tius
378 751 497 807 diei
546 747 873 807 continenti
922 748 1119 806 labore
1158 759 1327 802 erant
1355 747 1611 806 confecti
1630 789 1653 823 ‚
1701 766 1924 825 noxque
1949 747 2070 826 jam

220 831 463 896 suberat
482 870 505 902 ,
550 845 747 888 tamen
798 825 1363 886 munitionessumen
1389 845 1428 884 n
1454 841 1654 884 monte
1681 831 1920 890 seclusit
1939 869 1962 903 ‚
1990 848 2070 894 ne

218 926 407 968 :noctu
420 909 754 986 Pompejani
782 909 983 984 aquari
1014 921 1262 982 possent.
1289 905 1424 982 Quo
1467 907 1586 984 jam
1615 908 1874 983 perfecto
1915 926 2072 984 ope-

216 1008 335 1064 re,
365 993 453 1048 illi
480 991 556 1047 de
606 989 947 1060 deditione,
994 989 1190 1049 missis
1232 988 1481 1063 legatis,
1527 1005 1704 1064 agere
1749 1001 2070 1063 coeperunt.

216 1069 405 1132 Pauci
446 1071 671 1130 ordinis
708 1067 1045 1140 Senatorii,
1090 1069 1189 1148 qui
1237 1085 1302 1124 se
1337 1085 1468 1126 cum
1517 1069 1594 1126 iis
1621 1068 2061 1144 conjunxerant,

212 1166 399 1210 noctu
440 1151 577 1226 fuga
630 1153 873 1211 salutem
922 1149 1231 1224 petierunt.
1277 1143 1472 1206 cesar
1504 1149 1690 1222 prims
1721 1153 1846 1208 luce
1869 1165 2068 1208 omnes
2103 1145 2186 1224 98

212 1247 345 1304 ens,
372 1233 473 1307 qui
504 1232 567 1288 in
598 1243 853 1291 montem
880 1228 1284 1300 consederant,
1307 1245 1378 1286 ex
1407 1229 1801 1301 superioribus
1829 1231 1974 1289 locis
1994 1231 2060 1288 in

212 1313 529 1386 planitiem
556 1311 941 1382 descendere,
981 1322 1155 1385 atque
1180 1323 1346 1366 arms
1377 1307 1658 1383 projicere
1681 1308 1884 1384 jussit,
1910 1309 2066 1386 quod

218 1391 323 1448 ubi
374 1393 497 1450 sine
548 1391 909 1450 recusatione
932 1389 1240 1460 fecerunt,
1287 1387 1578 1464 passisque
1620 1391 1828 1463 palmis
1845 1431 1868 1463 ‚
1917 1407 2065 1464 pro-

208 1468 361 1546 jecti
388 1473 460 1530 ad
497 1462 715 1537 terrain
735 1511 757 1544 ,
788 1469 993 1528 flentes
1012 1510 1035 1544 ,
1062 1468 1135 1528 sb
1162 1485 1231 1528 eo
1263 1469 1554 1542 petierunt
1581 1473 1828 1526 salutem
1853 1488 1870 1528 ε
1901 1487 2056 1530 con-

216 1554 437 1620 solatus
482 1569 826 1628 consurgere
852 1549 1020 1626 jussit
1040 1590 1061 1622 ,
1106 1563 1175 1610 et
1209 1563 1391 1623 peuce
1419 1549 1570 1622 apud
1601 1567 1698 1609 eos
1739 1551 1812 1607 de
1837 1550 2056 1608 lenita-

217 1643 283 1688 te
312 1649 414 1688 σοι
441 1635 666 1692 locutus
686 1672 707 1704 ,
736 1646 849 1706 quo
889 1631 1113 1688 minore
1150 1642 1342 1688 essent
1372 1629 1582 1686 timore
1601 1669 1624 1702 ‚
1672 1646 1870 1688 omnes
1897 1647 2054 1690 con-

210 1713 479 1770 servavit
500 1753 521 1785 ,
559 1715 623 1760 97
654 1711 1046 1786 militibusque
1074 1709 1191 1768 suis
1217 1708 1385 1784 jussit
1405 1748 1428 1781 ‚
1455 1727 1530 1766 ne
1557 1711 1658 1784 qui
1685 1728 1884 1768 eorum
1915 1713 2059 1770 vio-
2137 1783 2144 1790 .

214 1793 524 1865 iurentur-3
568 1809 679 1850 nen
706 1792 845 1867 quid
875 1792 963 1848 sui
990 1791 1402 1848 desiderarent.
1435 1791 1562 1847 Hac
1589 1790 1858 1848 adhibita
1904 1792 2062 1848 dili-

220 1872 429 1946 gentis
449 1911 470 1943 ,
515 1888 587 1928 ex
613 1873 817 1930 castris
845 1871 957 1930 sibi
1006 1871 1262 1944 legiones
1290 1871 1434 1929 alias
1474 1889 1776 1930 occurrere
1798 1913 1819 1945 ,
1845 1885 1908 1929 et
1937 1891 2058 1948 eas,
2141 1906 2154 1926 J

190 1965 375 2026 quas*
394 1967 581 2008 secum
609 1954 891 2010 duxerant
909 1989 930 2024 ‚
958 1951 1207 2008 invicem
1239 1952 1617 2025 requiescere,
1644 1967 1820 2028 atque
1849 1953 1912 2008 in
1943 1971 2054 2010 ca-

212 2044 339 2087 stra
374 2033 584 2088 reverti
616 2031 820 2108 jussit:
852 2033 1163 2106 eodemque
1198 2031 1300 2086 die
1327 2030 1618 2092 Larissam
1669 2034 1954 2107 pervenit.
1991 2033 2058 2092 In
2096 2055 2177 2112 99

212 2126 287 2167 eo
338 2113 532 2184 praeiio
554 2104 675 2170 ¹non
701 2112 945 2184 amplius
980 2130 1065 2170 cc.
1098 2111 1314 2168 milites
1341 2113 1697 2170 desideravit
1717 2155 1740 2186 ‚
1765 2114 1866 2170 sed
1903 2131 2052 2171 cen-

216 2192 476 2248 turiones
495 2233 516 2264 ,
546 2191 727 2249 fornes
756 2193 913 2250 viros
932 2231 953 2263 ‚
990 2193 1227 2249 circiter
1269 2207 1398 2248 xxx.
1429 2192 1650 2250 amisit.
1701 2193 2054 2254 latei-fectus

212 2282 311 2326 est
357 2273 515 2328 enim
564 2271 883 2330 fortissime
929 2287 1185 2346 pugnans
1230 2269 1578 2345 Crastinus,
1613 2271 1770 2346 cujus
1800 2274 2054 2332 mentio·

213 2366 349 2406 nem
401 2369 575 2424 supra
616 2349 856 2410 fecimus
875 2391 897 2427 ,
945 2352 1143 2428 gladio
1190 2349 1254 2406 in
1301 2367 1367 2409 os
1401 2351 1712 2410 adversum
1759 2352 2050 2428 conjecto.

210 2426 419 2504 Neque
447 2432 510 2488 id
540 2431 653 2490 fuit
682 2433 885 2490 falsum
911 2472 932 2504 ,
976 2431 1127 2507 quod
1162 2431 1265 2488 ille
1292 2429 1352 2487 in
1407 2447 1648 2508 pugnem
1681 2431 2052 2507 proficiscens

212 2509 461 2567 dixerat.
512 2509 611 2570 Sic
634 2514 789 2570 enim
836 2511 1029 2570 Cesar
1048 2511 1469 2585 existimabat,
1497 2531 1570 2570 eo
1620 2514 1816 2587 praelio
1859 2519 2056 2572 excel.-

211 2590 594 2648 lentissimum
634 2594 915 2650 virtutem
965 2589 1226 2650 Crastini
1281 2591 1496 2665 fuisse,
1541 2595 1872 2668 optimeque
1916 2611 2052 2652 eum

210 2669 373 2726 de'se
425 2671 697 2729 meritum
724 2671 1031 2748 indicabat.
1062 2672 1153 2732 Ex
1183 2669 1536 2748 Pompeiano
1581 2675 1839 2732 exercitu
1869 2675 2048 2731 circi-

211 2759 301 2804 ter
330 2751 521 2808 millia
562 2769 655 2809 xv.
686 2752 963 2810 cecidisse
1012 2753 1393 2810 videbantur:
1447 2754 1545 2810 sed
1577 2751 1638 2808 in
1688 2753 2048 2811 deditionem

206 2842 490 2888 venerunt
528 2834 791 2907 emplius·
818 2833 1005 2890 millia.
1042 2849 1200 2890 mv.
1243 2829 1511 2906 Namque
1549 2832 2050 2912 etiam—cohortes,

270 3021 341 3072 97
430 3017 766 3076 Militiburque
820 3017 929 3064 suit
974 3018 1097 3076 jus·-
1158 3015 1318 3068 davitt
1346 3015 1484 3066 unde
1507 3013 1669 3066 mich.
1694 3017 1878 3068 Brutus
1908 3031 2046 3066 man-

211 3077 299 3131 sit,
319 3078 415 3131 ne.)
428 3082 629 3134 insueta
650 3079 864 3130 casaris
886 3091 999 3128 aevo
1016 3081 1099 3128 lo-
1156 3081 1301 3132 davie
1350 3080 1588 3132 censebat
1620 3081 1890 3142 legendum
1917 3094 2060 3130 essen

210 3136 367 3196 emit),
388 3149 437 3188 et
458 3142 673 3192 velideo
696 3142 1093 3203 suspecta‚quod
1156 3141 1256 3202 Qui
1270 3144 1428 3204 jussit
1471 3143 1726 3201 retinent,
1789 3144 2042 3194 Gaecismo

209 3197 264 3247 in
293 3204 420 3272 Μξὸ.
450 3205 783 3264 carr-ariensi,
809 3211 861 3253 et
906 3204 1091 3264 Fulvii,
1153 3214 1428 3268 excusant,
1455 3206 1546 3270 qui
1577 3219 1648 3256 an
1683 3209 1898 3256 Caesaris
1918 3208 2043 3256 sim-

209 3271 263 3312 et
284 3265 809 3327 Cusacii‚ac.Petavii,
830 3266 989 3317 etiam
1006 3269 1090 3319 ed.
1154 3268 1382 3328 plicitati
1428 3269 1702 3321 conveniat
1735 3305 1754 3331 ‚
1799 3271 2042 3322 dub-itare

208 3325 425 3378 Bononii
460 3331 712 3382 Trnvisini
757 3339 837 3382 est
862 3345 1095 3387 commm-
1155 3329 1300 3384 licet.
1975 3371 1980 3377 -
2039 3359 2046 3368 ·
