2459 3834
266 1117 417 1192 ,ς’

364 2574 439 2636 33

432 139 477 195 t
492 120 590 215 ς’.
844 133 945 190 1³13
994 136 1242 191 netto
1293 134 1853 191 ALExAanmo

436 223 555 283 die
610 220 933 294 perveniret
953 260 975 291 ,
1030 220 1181 294 quod
1232 235 1458 294 magna·
1488 215 1600 272 Cn.
1653 216 1932 293 Pompeio
1981 216 2124 277 Iuba
2175 232 2300 279 rex

436 323 553 360 nus
590 316 679 356 sat
744 301 958 357 auxilia
989 319 1012 371 3
1080 300 1408 375 majoraque
1461 298 1736 353 missurus
1805 300 2292 375 existimabatur,

438 384 661 458 Quibus
690 382 881 436 literis
908 381 1207 453 acceptis,
1239 380 1510 435 insolenti
1560 380 1864 451 voluptate
1906 376 2294 455 efferebatur,

438 464 593 539 qnod
622 462 733 518 sibi
766 477 1041 517 novarum
1087 462 1508 531 provinciarum
1535 498 1552 527 ,
1609 470 1670 513 et
1711 460 2058 517 fertilissimi
2105 464 2294 536 regni

441 557 607 601 tanta
637 542 831 597 oblata
859 555 1009 596 esset
1030 539 1292 596 facultas.
1310 541 1539 615 Itaque
1525 556 1650 612 ipse
1663 557 1723 594 m
1739 538 2100 597 Lusitaniam
2123 558 2296 615 pro-

442 622 729 680 ficiscitur
746 656 770 691 ,
794 620 867 675 ad
900 622 1153 694 legiones
1180 622 1594 690 accersendas,
1621 620 1948 694 auxiliaque
1973 624 2294 677 adducen-

444 704 539 759 da.
590 697 787 758 Certis
850 700 1152 757 homnibus
1200 704 1322 757 dat
1353 701 1688 776 negotium,
1735 700 2128 773 frumentum,
2165 719 2298 759 na-

446 800 658 857 vesque
708 798 759 837 c.
810 796 1267 855 praepararentur
1299 822 1321 855 ,
1370 781 1738 855 pecuniaeque
1787 782 2298 855 describerentur,

444 877 620 939 atque
650 864 1072 935 imperarentur
1094 900 1115 931 ,
1142 880 1213 918 ne
1243 878 1354 937 qua
1383 878 1474 917 res
1494 901 1515 934 ,
1541 876 1672 916 cum
1701 861 1948 919 redisset
1969 902 1989 935 ‚
2019 878 2295 920 morare-

446 955 567 1001 tur.
614 942 864 999 Reditus
898 941 1017 1016 ejus
1054 940 1165 998 fuit
1206 942 1452 999 celerior
1499 941 1756 998 omnium
1797 942 2124 1015 opinione;
2167 959 2298 999 non

451 1025 609 1081 enim
648 1022 855 1094 labor,
892 1033 995 1079 aut
1038 1022 1349 1097 vigilantia
1387 1020 1648 1094 cupienti
1689 1022 2008 1093 praesertim
2051 1023 2295 1096 aliquid

455 1102 659 1163 Cassio
688 1104 907 1161 deerat.
936 1100 1213 1159 Exci-citu
1259 1114 1463 1163 coacto
1515 1102 1576 1156 in
1617 1118 1790 1157 unum
1827 1102 2049 1174 locum,
2079 1098 2144 1149 ⁶⁵
2175 1120 2300 1159 ca-

452 1186 591 1242 stris
640 1185 715 1239 ad
758 1180 1089 1241 Cordubam
1132 1184 1339 1257 positis
1379 1198 1486 1255 pro
1532 1181 1810 1239 concione
1839 1182 2128 1240 militibus
2173 1200 2300 1240 ex·-

452 1265 619 1340 ponit
644 1304 667 1336 ‚
700 1280 837 1339 quas
886 1278 977 1318 res
1016 1260 1270 1319 ‚Caesaris
1315 1261 1466 1337 jussu
1495 1278 1698 1337 gerere
1725 1262 2002 1321 deberet:
2033 1264 2302 1336 pollice-

454 1359 668 1421 turque
688 1344 796 1414 iis,
814 1359 941 1399 cum
965 1343 1024 1399 in
1050 1342 1478 1400 Mauritaniam
1504 1341 1895 1415 transjecisset
1914 1384 1935 1414 ,
1965 1344 2041 1399 H.
2062 1342 2124 1400 S.
2151 1360 2302 1401 cen-

456 1439 624 1485 tenos
659 1442 723 1481 se
774 1426 1076 1480 daturum:
1111 1442 1166 1480 v.
1217 1423 1344 1481 fore
1395 1423 1454 1478 in
1499 1423 1782 1494 Hispania
1839 1425 2150 1498 legionem.
2197 1422 2300 1481 Ex

456 1508 739 1565 concione
765 1520 829 1561 se
874 1502 1203 1561 Cordubam
1254 1504 1494 1575 recepit.
1545 1502 1746 1575 quue
1774 1502 1904 1575 ipso
1933 1504 2030 1559 die
2047 1544 2068 1577 ,
2097 1504 2302 1561 meri-

457 1588 639 1643 diana
664 1585 807 1642 hora
826 1624 852 1659 ‚
897 1579 963 1621 ⁶⁶
998 1600 1127 1641 cum
1170 1586 1231 1639 in
1278 1584 1583 1641 Basilicam
1615 1583 1729 1639 iret
1749 1621 1770 1654 ,
1798 1584 2044 1657 quidam
2075 1584 2302 1642 Minu-

458 1668 579 1725 tius
622 1666 744 1725 Silo
790 1665 973 1721 cliens
1020 1664 1091 1720 L.
1142 1665 1356 1723 Racilii
1409 1662 1897 1736 libellum,quasi
1948 1666 2168 1739 aliquid
2217 1666 2300 1722 ab

462 1765 533 1805 eo
570 1747 882 1822 postularet
915 1756 983 1800 ut
1014 1745 1219 1817 miles,
1249 1746 1306 1801 ei
1337 1744 1544 1801 tradit.
1573 1742 1804 1800 Deinde
1835 1756 1963 1816 post
1993 1746 2302 1803 Racilium

468 1830 631 1897 (nam
661 1828 712 1883 is
742 1830 889 1881 latus
918 1823 1107 1881 Cassii
1138 1826 1405 1899 tegebat)
1431 1823 1592 1897 quasi
1625 1840 1958 1895 responsum
1987 1826 2061 1881 ab
2091 1842 2164 1883 eo
2191 1842 2302 1900 pe-

465 1920 620 1965 teret
641 1947 663 1978 ,
692 1906 960 1962 celeriter
988 1906 1127 1960 dato
1156 1908 1286 1963 loco
1307 1946 1328 1976 ,
1357 1920 1492 1961 cum
1523 1921 1584 1959 se
1620 1902 1972 1961 insinuasset
1995 1945 2016 1978 ,
2051 1908 2302 1965 sinistra

465 1988 715 2061 corripit
746 2002 909 2055 eum;
932 1984 1247 2059 dextraque
1276 1985 1366 2041 bis
1392 1984 1531 2040 ferit
1563 1984 1834 2059 pugione.
1865 1983 2136 2043 Clamore
2165 1989 2306 2045 sub-

465 2068 629 2138 lato,
672 2065 740 2121 fit
768 2082 802 2119 a
832 2063 1143 2137 conjuratis
1175 2065 1422 2139 impetus
1447 2064 1756 2121 universis.
1779 2064 2085 2122 Munatius
2113 2066 2306 2123 Plan—

467 2164 572 2204 cus
606 2145 933 2220 proximum
964 2146 1159 2219 gladio
1190 2144 1488 2221 transjecit
1525 2145 1812 2201 lictorem.
1867 2146 1998 2202 Hoc
2045 2146 2307 2203 interfe-

468 2241 611 2299 cto,
648 2226 726 2302 Q.
756 2224 1024 2281 Cassium
1076 2230 1334 2299 legatum
1375 2229 1659 2281 vulnerat.
1701 2226 1790 2279 lbi
1827 2221 1903 2279 T.
1953 2225 2212 2301 vesias,
2237 2240 2304 2284 et

468 2308 540 2365 L.
566 2308 843 2383 Mei-gilio
864 2307 1043 2362 simili
1078 2305 1431 2363 confidentia
1450 2304 1726 2360 Plancum
1749 2305 2103 2381 municipem
2132 2324 2307 2365 suum

468 2389 763 2462 adjuvant.
810 2386 997 2443 Erant
1030 2387 1185 2443 enim
1235 2402 1432 2444 omnes
1473 2382 1534 2429 ⁶⁷
1575 2385 1930 2443 Italicenses.
1976 2386 2072 2443 Ad
2113 2387 2306 2460 ipsum

474 2469 801 2541 Longinum
850 2466 917 2521 L.
968 2466 1227 2522 Licinius
1287 2466 1537 2539 Squillus
1583 2465 1806 2521 involat
1847 2505 1866 2536 ‚
1908 2465 2308 2541 iacentemque

479 2549 700 2603 levibus
736 2548 963 2603 sauciat
1006 2547 1209 2621 plagis.
1261 2544 1643 2601 Concurritur
1689 2545 1764 2600 ad
1811 2542 2064 2608 Casium
2105 2548 2306 2604 defen-

478 2628 729 2685 dendum
748 2667 771 2700 ,
802 2621 862 2663 ⁶⁸
894 2642 1119 2699 semper
1160 2626 1320 2683 enim
1362 2627 1604 2683 bei-oues
1626 2665 1647 2698 ,
1687 2629 2130 2703 compluresque
2169 2645 2309 2686 evo·

512 2792 585 2851 65
614 2792 811 2839 Castris
837 2789 901 2835 aa
927 2788 1185 2835 Cordubam
1220 2788 1366 2845 pusi-
1427 2785 1621 2833 milites
1639 2820 1656 2845 ‚
1691 2798 1755 2833 ex
1781 2786 1932 2835 ltalia
1955 2793 2092 2834 ortos
2109 2822 2126 2847 ,
2153 2788 2307 2849 depo-

480 2859 566 2903 tis.
576 2859 595 2909 )
625 2853 862 2903 Nobilem
899 2852 1076 2898 urbem
1102 2850 1364 2911 Hispaniae
1427 2858 1614 2897 suerat.
1643 2852 1855 2909 Appiana.
1887 2855 2028 2907 His-p.

526 2917 714 2975 aeticae‚
730 2915 891 2968 fluvio
908 2914 1034 2962 Baeti
1056 2912 1366 2974 adpositam,
1461 2913 1526 2961 68
1561 2920 1762 2969 semper
1782 2916 1900 2961 enim
1926 2917 2131 2964 heroaes.
2142 2912 2163 2966 )
2187 2916 2304 2961 Du-

548 2983 579 3028 6
612 2988 725 3029 Cum
746 2983 793 3027 in
802 2982 1075 3027 Basilicam
1093 2982 1205 3023 iret.
1216 2978 1240 3030 >
1267 2978 1366 3024 Ba·
1428 2975 1541 3033 bia,
1559 2988 1675 3037 quae
1697 2976 1752 3023 in
1773 2974 1918 3025 libris
1936 2984 2036 3033 est,
2052 2989 2154 3023 vox
2171 2980 2308 3026 bero-

482 3044 645 3093 silicae
682 3052 831 3091 erant
864 3042 998 3090 aedes
1042 3040 1205 3099 publi
1194 3054 1260 3086 ae
1299 3040 1365 3088 ad
1427 3055 1546 3098 nes,
1571 3040 1974 3099 interpretantur
1991 3011 2220 3101 plerique
2241 3041 2310 3091 de

482 3107 696 3167 judicia,
718 3117 769 3155 et
781 3105 1143 3166 negotiationes
1162 3103 1370 3164 magni·
1431 3112 1582 3165 gente
1609 3103 1881 3163 Hispanica
1905 3139 1922 3161 ‚
1961 3104 2189 3162 Βὴρωνες
2223 3106 2312 3153 Be-

484 3171 581 3220 fice
598 3178 883 3223 exstructae.
896 3169 1023 3214 Vide
1036 3168 1238 3215 vitruv.
1259 3180 1309 3215 v.
1327 3180 1368 3214 ῐ.
1432 3182 1576 3215 renes
1593 3179 1621 3212 a
1647 3167 2017 3215 Strabonelibr.
2029 3180 2124 3217 111.
2142 3180 2191 3229 p.
2211 3179 2312 3218 ιη.

518 3236 588 3292 67
610 3224 933 3287 Italicenses.)
963 3230 1084 3278 Nati
1102 3230 1298 3279 ltalicae
1317 3230 1370 3278 in
1434 3240 1488 3279 et
1506 3232 1785 3279 Ptolomaeo
1803 3231 1918 3279 libr.
1935 3244 2001 3279 11.
2019 3244 2131 3291 rap.
2148 3246 2220 3281 vt.
2239 3231 2318 3281 di·

485 3296 725 3343 Provinci
802 3294 1021 3351 Baetica,
1054 3293 1106 3339 in
1128 3306 1229 3355 qua
1261 3293 1372 3340 sci-
1434 3294 1700 3355 cta,quasi
1722 3306 1784 3341 ex
1805 3294 2174 3344 ilussatellites
2193 3298 2318 3345 cas-

488 3358 610 3419 pio,
638 3360 711 3406 Pu
766 3368 827 3406 co
866 3357 1035 3417 bello,
1076 3356 1374 3406 debilitatos
1435 3356 1542 3407 sius
1582 3356 1840 3407 habuerit.
1865 3357 2149 3409 sedhocsi
2173 3365 2318 3419 esset,
