2459 3834
287 700 362 789 εἰ

411 148 554 217 102
942 151 1043 205 DE
1091 152 1333 205 BELLO
1370 148 1696 205 GALueo

405 246 722 289 castrorum
745 232 1064 305 exiguitate
1093 246 1503 307 cognoscerent
1525 253 1547 303 3
1568 249 1687 304 quae
1727 230 1839 287 hoc
1854 238 2034 289 -erant
2052 227 2268 287 etim

405 314 758 384 angustiora,
776 314 923 387 quod
953 313 1076 369 sine
1105 312 1541 386 impedimentis
1554 310 1744 367 Caesar
1774 312 2027 385 legiones
2048 324 2259 367 trans-

407 402 744 461 portaverat
775 404 790 449 :
843 392 1124 464 optimum
1176 392 1333 448 factu
1384 410 1506 449 esse
1554 392 1837 451 duxeruut
1858 432 1877 462 ,
1926 390 2257 449 rebellione

403 468 601 543 facta,
645 471 972 543 frumento,
1015 486 1449 546 commeatuque
1500 485 1725 529 nostros
1768 471 2075 545 prohibere
2106 510 2128 541 ,
2180 484 2267 541 etv

403 566 526 605 rem
551 552 607 607 in
635 551 880 606 hiemem
907 552 1254 625 producere:
1286 552 1433 626 quod
1468 552 1556 607 his
1588 553 1901 625 superatis,
1920 564 2017 605 aut
2046 551 2267 609 reditu·

404 627 764 701 interclusiS,
785 634 1066 687 nemiuem
1104 647 1297 705 postea
1326 633 1461 688 belli
1491 631 1771 689 inferendi
1792 648 1957 687 causa
1975 670 1995 702 ,
2026 631 2253 687 inari·

411 710 666 767 tanniam
694 712 1064 767 transiturum
1093 710 1475 773 confidebant.
1524 712 1725 785 ltaque
1745 751 1765 783 ‚
1811 729 1999 766 rursus
2028 710 2277 784 conju-f

333 852 342 857 ,
405 790 632 844 ratione
663 790 814 846 facta
835 830 855 861 ,
887 794 1158 861 paulatim
1183 810 1253 852 ex
1274 793 1485 849 castris
1508 793 1821 862 discedere,
1840 807 1907 847 ac
1932 808 2061 849 suos
2081 794 2265 847 clam.

403 862 472 923 ex'
505 871 658 943 agris
688 872 966 933 deducere
996 889 1314 943 coeperunt.
1348 872 1427 929 At
1450 870 1681 943 Cae-sar,
1708 872 1818 927 etsi
1850 871 2099 926 nondum
2124 888 2251 927 eo-

403 965 530 1003 rum
580 951 818 1007 consilia
857 968 1251 1027 cognoverat,
1293 968 1521 1023 tamen,
1548 964 1609 1007 et
1650 968 1720 1007 ex
1758 966 1967 1007 eventu
1998 952 2239 1006 navium

335 1082 342 1087 .
403 1044 668 1101 suarum,
698 1043 756 1087 et
788 1048 856 1086 ο,
885 1046 954 1087 eo
977 1070 998 1101 ,
1037 1034 1184 1105 quod
1217 1031 1443 1089 obsides
1465 1033 1603 1087 dare
1632 1032 2103 1103 intermiserant,
2134 1030 2242 1085 fo-

283 1658 360 1721 22

403 1124 467 1163 ru
489 1110 546 1167 id
572 1148 589 1179 ,
611 1070 758 1183 qiiod
789 1110 1048 1182 accidit,
1079 1112 1483 1185 suspicabatur.
1518 1110 1715 1185 Itaque
1744 1110 1815 1167 ad
1844 1126 2044 1166 omues
2070 1127 2237 1167 casus

403 1188 656 1245 subsidia
700 1194 1070 1263 comparabat
1115 1210 1131 1249 ε
1178 1208 1309 1249 nam
1349 1204 1407 1247 et
1462 1190 1806 1247 frumentum
1854 1206 1925 1245 ex
1974 1190 2131 1263 agris
2174 1192 2239 1246 in

403 1280 592 1324 castra
643 1272 903 1341 quotidie
945 1270 1324 1343 conferebat3
1362 1284 1423 1333 et
1457 1288 1576 1345 quae
1624 1270 1960 1345 gravissime
1997 1268 2237 1327 afflictae

401 1362 568 1404 erant
609 1366 780 1405 naves
810 1389 829 1420 ,
867 1367 1062 1409 earum
1113 1353 1399 1423 materia,
1456 1367 1627 1425 atque
1668 1368 1802 1407 aere
1850 1351 1923 1405 ad
1976 1350 2237 1423 reliquas

401 1426 740 1487 reficiendas
769 1432 1036 1486 utebatur
1067 1450 1088 1501 ς
1126 1446 1184 1491 et
1226 1449 1345 1505 quae
1378 1433 1447 1489 ad
1501 1446 1597 1487 eas
1638 1446 1727 1489 res
1766 1442 1933 1487 erant
1965 1431 2131 1499 usui,
2163 1447 2235 1487 ex

401 1510 726 1563 continenti
757 1522 1118 1581 comportare
1165 1508 1415 1585 jubebat.
1467 1510 1674 1585 Itaque
1698 1550 1717 1582 ,
1755 1526 1883 1566 cum
1914 1510 1971 1567 id
2000 1524 2254 1568 summo.

403 1588 596 1649 studio
623 1604 658 1642 a
691 1588 969 1645 militibus
999 1588 1539 1663 administraretur,
1578 1608 1680 1651 ιιι.
1716 1590 1951 1645 navibus
1982 1589 2233 1663 amissiS,

405 1668 642 1739 reliquis
685 1680 745 1721 ut
785 1670 1046 1743 navigari
1089 1672 1386 1728 commode
1428 1682 1661 1742 posset,
1688 1666 1901 1725 effecit.
1963 1668 2119 1723 Dum
2158 1680 2225 1729 ea

396 1758 670 1820 geruntur
692 1782 712 1821 ,
751 1744 974 1821 legione
998 1789 1017 1821 ‚
1065 1766 1136 1805 ex
1176 1750 1585 1811 consuetudine
1607 1788 1629 1821 ,
1670 1767 1777 1805 una
1804 1749 2221 1807 frumentatum

396 1828 610 1897 missa,
638 1842 756 1902 quae
789 1826 1180 1901 appellabatur
1223 1848 1329 1885 vu.
1373 1846 1552 1903 neque
1600 1830 1715 1885 ulla
1765 1829 1834 1883 ad
1886 1830 1946 1885 id
1994 1840 2222 1900 tempus

394 1904 530 1963 belli
562 1908 884 1977 suspicione
913 1908 1257 1981 interposita
1278 1948 1298 1982 ,
1327 1926 1455 1968 cum
1493 1923 1625 1982 pars
1654 1910 1951 1966 hominum
1974 1909 2035 1965 in
2064 1911 2245 1985 agris‘

394 2000 722 2045 remaneret
744 2024 764 2057 ,
805 2005 933 2057 pars
959 1989 1140 2049 etiam
1170 1988 1229 2043 in
1268 2001 1457 2046 castra
1488 1988 1805 2045 ventitaret
1827 2028 1848 2061 ,
1879 1990 1956 2059 ii,
1983 1989 2081 2061 qui
2118 2006 2219 2062 pro

393 2065 582 2141 portis
619 2078 938 2123 castrorum
982 2066 1040 2125 in
1081 2070 1335 2127 statione
1360 2081 1523 2127 erant
1548 2108 1567 2139 ,
1594 2066 1805 2128 Caesari
1844 2069 2219 2126 renuntiave-

393 2158 530 2217 runt
551 2185 571 2217 ‚
621 2148 909 2219 pulverem
940 2147 1210 2222 majorem
1239 2189 1257 2220 ‚
1296 2166 1465 2223 quam
1504 2150 1851 2209 consuetudo
1881 2148 2061 2203 ferret
2084 2187 2103 2218 ,
2158 2150 2219 2205 in

392 2240 460 2281 ea
487 2236 648 2297 parte
679 2226 904 2299 videri,
935 2246 1100 2302 quam
1133 2226 1190 2283 iu
1225 2244 1447 2301 partem
1477 2228 1627 2303 legio
1659 2230 1771 2287 iter
1802 2228 2048 2285 fecisset.
2084 2225 2219 2283 Cae-

389 2306 599 2375 sarid,
628 2308 774 2379 quod
806 2323 933 2362 erat
958 2307 1345 2381 ,suspicatus,
1364 2308 1580 2381 aliquid
1604 2310 1737 2364 novi
1763 2326 1794 2363 a
1824 2309 2083 2363 barbaris
2105 2308 2221 2364 ini-

390 2396 512 2440 tum
544 2386 818 2458 consilii5
842 2388 1110 2443 cohortes
1133 2430 1154 2466 ,
1183 2406 1302 2465 quae
1334 2390 1391 2447 in
1424 2390 1771 2449 stationibus
1801 2402 2003 2459 erant,
2028 2398 2241 2445 secum·

388 2462 450 2527 in
483 2480 608 2519 eam
643 2482 860 2536 partem
897 2465 1182 2541 proficisci
1207 2508 1228 2539 ‚
1259 2468 1395 2525 duas
1443 2468 1503 2524 in
1554 2470 1864 2527 stationem
1898 2448 2239 2541 succedere,-

386 2544 637 2616 reliquas
677 2548 932 2617 armari,
962 2562 1020 2603 et
1081 2548 1383 2606 confestim
1428 2566 1489 2606 se
1536 2549 1794 2623 subsequi
1837 2547 2020 2621 jussit.
2074 2546 2221 2604 Cum

383 2628 556 2699 paulo
586 2628 805 2701 longius
826 2644 858 2686 a
882 2628 1086 2687 castris
1121 2628 1483 2702 processisset
1508 2668 1526 2696 ,
1550 2641 1677 2688 snos
1697 2630 1769 2688 ab
1800 2628 2057 2683 hostibus
2088 2644 2215 2701 pre·

382 2705 467 2761 mi
491 2740 512 2777 ,
541 2717 716 2779 atque
768 2724 916 2783 aegre
939 2709 1223 2763 sustinere
1245 2750 1263 2781 ‚
1291 2723 1353 2765 et
1382 2708 1639 2765 conferta
1688 2708 1912 2781 legione
1942 2704 2001 2744 ²⁸
2038 2724 2107 2761 ex
2136 2724 2213 2763 o-

381 2784 608 2845 mnibus
632 2786 885 2864 partibus
909 2791 1022 2845 tela
1043 2788 1249 2863 conjici
1271 2785 1701 2846 animadvertit.
1716 2788 1871 2845 Nem
1895 2787 2043 2863 quod
2058 2788 2211 2843 omni

383 2882 454 2920 ex
479 2868 719 2941 reliquis
751 2866 1006 2939 partibus
1034 2868 1293 2929 demesso
1324 2868 1609 2929 frumento
1628 2908 1648 2940 ,
1674 2886 1788 2929 una
1816 2884 1945 2941 pars
1966 2880 2091 2923 erat
2120 2886 2209 2924 re·

381 2944 538 3018 liqua
558 2984 578 3016 ,
619 2948 890 3019 suspicati
921 2950 1112 3009 hostes
1149 2950 1255 3006 huc
1287 2964 1514 3008 nostros
1543 2966 1667 3009 esse.
1696 2962 1969 3007 venturos
1988 2987 2007 3019 ‚
2040 2962 2207 3003 noctu

379 3023 440 3083 in
473 3025 634 3081 silvis
673 3028 1040 3087 delituerant.
1071 3026 1219 3084 Tum
1248 3028 1534 3101 dispersos
1556 3068 1575 3099 ‚
1595 3029 1874 3102 depositis
1902 3028 2079 3083 armis
2100 3068 2118 3097 ,
2148 3029 2207 3083 in

381 3104 654 3165 metendo
681 3120 990 3182 occupatos
1017 3108 1210 3169 subito
1236 3110 1453 3180 adorti,
1476 3110 1667 3183 paucis
1696 3108 2052 3179 interfectis,
2076 3107 2211 3163 reli-

445 3236 514 3281 ⁴28
577 3240 660 3285 Es·
684 3240 890 3289 omnibus
909 3242 1132 3311 pastibus
1156 3246 1257 3287 tela
1324 3242 1411 3289 καὶ
1454 3236 1727 3299 βαρβάρους
1765 3240 1844 3287 εἰς
1894 3240 1963 3287 τό
2006 3254 2201 3297 ταγμα

380 3300 558 3356 conjici
585 3300 604 3347 )
637 3304 676 3343 A
715 3299 940 3347 barbaris
973 3300 1023 3346 in
1053 3305 1260 3351 confer·
1326 3302 1529 3361 σὴρ-πε.
1588 3303 1733 3359 passv
1772 3290 1897 3361 βέλη
1924 3318 2108 3353 παντ
2118 3299 2199 3354 θεν

381 3365 492 3413 tam
541 3360 640 3422 legi
645 3372 809 3411 unem-
857 3366 1062 3415 Graezus
1130 3380 1193 3415 τε
1201 3370 1257 3425 ῦς
1326 3366 1539 3428 θρασέως
1576 3366 1823 3426 rimarer.
2098 3402 2109 3407 -
