2459 3834
790 45 946 96 Lm.
1006 45 1081 96 A.
1142 42 1422 96 mR‘rn.
1861 43 2022 122 431

128 119 506 202 parabant:
538 118 638 178 sed
670 126 965 196 praesentis
995 124 1276 198 temporis
1311 120 1644 181 necessitati
1679 121 2034 198 serviebant,

132 220 219 262 et
276 207 343 260 in
382 206 506 278 ipso
552 215 719 278 portu
776 203 1201 280 confligendum
1232 203 1532 259 videbant.
1599 205 1804 279 Itaque
1837 207 2035 278 paucis

136 285 381 340 diebus
402 323 423 356 ‚
463 281 669 339 con't'ra
711 285 966 340 omnium
1014 286 1350 358 opinionem
1375 324 1396 354 ,
1427 285 1826 358 quadriremes
1860 301 2034 357 xxm,

139 366 622 440 quinqueremes
662 381 721 418 v.
754 364 1159 422 confecerunt:
1203 366 1272 420 ad
1311 365 1414 420 bas
1443 365 1698 422 minores
1725 407 1741 435 ,
1772 376 2038 437 apertas·

140 463 279 521 que
318 447 650 518 complures
680 444 1053 519 adjecerunt:
1106 457 1166 501 et
1194 483 1214 517 ,
1257 445 1316 499 in
1367 458 1534 518 portu
1572 446 1894 518 periclitari
1923 461 2037 500 xre-

144 526 359 600 migio
375 565 399 598 ,
427 525 568 600 quid
613 541 843 598 quaeque
874 542 1068 582 earum
1101 523 1332 582 efficere
1380 539 1570 598 posset
1596 566 1614 598 ,
1639 527 1878 582 idoneos
1906 525 2034 580 mi-

146 607 306 662 lites
358 607 802 679 imposuerunt,
829 623 999 680 seque
1030 606 1103 660 ad
1157 603 1578 679 confligendum
1613 607 1876 662 omnibus
1919 621 2032 660 ‘m-

150 686 273 742 bus
336 697 715 759 paraverunt.
773 682 965 742 Caesar
1036 685 1299 742 Rhodias
1357 699 1534 740 naves
1601 703 1678 742 xx.
1753 685 2032 760 habeb-aq
2092 755 2097 761 .

72 771 75 773 ’
151 773 309 821 nam
334 805 356 838 ,
394 784 452 821 x.
492 765 729 837 missis,
769 770 901 822 una'
928 766 988 821 in
1028 781 1199 822 cursu
1230 767 1407 822 iitore
1445 766 1740 842 AEgyptio
1779 767 2029 822 defece-

108 913 121 927 x
152 859 271 902 rat
296 865 323 918 r,
385 844 655 901 Ponticas
688 863 819 902 vm.
843 887 862 918 ,
902 845 1117 921 Lycias
1164 865 1219 902 v.
1248 887 1268 918 ,
1300 863 1368 902 ex
1417 844 1561 901 Asia
1619 865 1722 902 κη.
1781 845 1872 901 Ex
1924 845 2023 902 his

138 927 618 1000 quinqueremes
650 943 707 980 v.
755 938 921 982 erant
952 967 974 1000 ‚
1002 939 1063 982 et
1094 925 1483 1002 quadriremes
1507 937 1579 981 Χ.
1627 923 1884 998 Reliquae
1925 925 2022 981 in-

135 1005 262 1061 ‘fra
306 1007 469 1062 hanc.
510 1007 968 1081 magnitudinem
999 1047 1019 1079 ,
1071 1021 1133 1062 et
1172 1006 1457 1081 pleraeque
1503 1008 1734 1081 apert'ae.
1785 1004 2014 1060 Tamen

152 1087 399 1141 virtute
443 1087 696 1141 militum
747 1085 992 1142 confisus
1022 1127 1043 1160 ‚
1082 1088 1336 1162 cognitis
1376 1087 1626 1142 hostium
1669 1084 1902 1159 copiis,
1951 1101 2022 1141 se

157 1167 239 1222 ad
285 1166 685 1222 dimicandum
730 1167 987 1239 parabat.
1035 1165 1346 1244 Postquam
1391 1183 1459 1222 eo
1500 1183 1734 1223 ventum
1765 1180 1894 1237 est,
1923 1167 2016 1222 uti
2057 1181 2140 1246 14

140 1246 567 1320 ,sibiuterque
601 1263 801 1304 eorum
840 1245 1159 1304 confideret
1191 1287 1211 1330 ‚
1263 1246 1454 1312 Caesar
1490 1243 1546 1283 1⁸
1581 1245 1809 1302 Pharon
1840 1251 2022 1304 classe

162 1327 640 1382 circumvehitur
669 1367 689 1398 ,
724 1328 1110 1402 adversasque
1149 1343 1325 1384 naves
1375 1325 1636 1384 hostibus
1688 1327 2019 1400 constituit;

164 1408 234 1462 in
284 1407 486 1463 destro
530 1423 704 1462 cornu
736 1407 1002 1464 Rhodias
1046 1411 1337 1480 collocat,
1364 1407 1424 1462 in
1455 1406 1694 1464 sinistro
1723 1405 2015 1463 Pontica&

149 1479 346 1542 'Inter
396 1487 499 1542 has
546 1489 796 1559 spatium
850 1507 939 1544 cn.
988 1505 1252 1561 passuum
1294 1484 1572 1561 relinquit
1602 1526 1622 1559 ,
1668 1485 1818 1562 quod
1865 1485 2016 1543 satis

140 1583 303 1644 ,esse
323 1565 405 1622 rad
429 1568 801 1640 explicandas
834 1585 1007 1623 naves
1048 1569 1372 1626 videbatur.
1403 1566 1548 1624 Post
1569 1565 1719 1624 hune
1749 1565 2015 1624 ordinem

163 1647 427 1722 reliquas
475 1664 648 1703 naves
694 1647 952 1704 subsidio
983 1647 1282 1704 distribuit
1309 1665 1326 1706 t
1359 1663 1480 1722 quae
1505 1663 1792 1722 quamque
1813 1662 2014 1702 earum

163 1741 441 1801 sequatur
468 1767 489 1798 ‚
522 1741 585 1782 ‘et
619 1729 712 1783 cui
750 1728 1091 1801 subveniat,
1121 1729 1429 1787 constituit
1451 1765 1470 1800 ,
1515 1740 1691 1802 atque
1741 1729 2011 1800 imperat.

161 1805 675 1863 Nondubitanter
718 1806 1100 1864 Alexandrini
1154 1813 1394 1866 classem
1441 1809 1760 1883 producunt
1789 1849 1809 1880 ,
1834 1821 2012 1882 atque

165 1887 513 1959 instruunt3
546 1887 605 1940 in
646 1886 848 1945 fronte.
878 1891 1167 1946 collocant
1198 1909 1342 1946 xxu.
1375 1929 1397 1962 ,
1449 1890 1698 1963 reliquas
1727 1888 2012 1945 subsidia·-

170 1965 298 2028 rias
341 1965 401 2022 in
441 1966 686 2024 secundo
732 1967 940 2025 ordine
982 1971 1362 2027 constituunt.
1403 1967 1681 2044 Magnum
1729 1982 2008 2044 praeterea

164 2062 472 2104 numerum
518 2048 803 2104 minorum
854 2049 1259 2123 navigiorum,
1307 2063 1368 2106 et
1410 2049 1750 2123 scapharum
1783 2051 2023 2125 produ-·

168 2139 309 2192 cunt
348 2129 405 2172 19
438 2145 566 2184 cum
607 2129 927 2203 malleolis,
966 2131 1349 2205 ignibusque3
1377 2129 1428 2186 si
1459 2129 1595 2204 quid
1638 2130 1765 2203 ipsa
1794 2131 2008 2186 multi-

169 2207 310 2263 tudo
334 2247 353 2280 ,
380 2222 440 2264 et
470 2211 691 2266 clamor
706 2249 729 2284 ,
758 2223 819 2268 et
844 2209 1079 2269 flamma
1098 2209 1318 2270 nostris
1351 2208 1597 2269 terroris
1633 2207 1844 2266 afferre
1871 2226 2008 2286 pos·

172 2299 323 2344 sent.
374 2339 379 2346 .

238 2450 301 2497 18
365 2454 559 2502 Pharon
622 2454 1051 2512 circumvehitur.)
1112 2462 1288 2505 catum
1311 2451 1557 2502 habentes
1587 2489 1602 2513 ,
1621 2465 1736 2517 quae
1768 2453 2004 2504 ardentes

172 2510 393 2576 Insulam
419 2517 841 2567 AlexandrInam.
1112 2519 1314 2568 emissae
1342 2554 1358 2576 ‚
1401 2517 1486 2577 id,
1515 2517 1568 2564 in
1621 2531 1722 2579 quo
1762 2517 2002 2580 figuntur,

239 2585 263 2622 1
364 2583 479 2625 eum
514 2584 751 2630 malleolis
772 2618 786 2642 ‚
829 2585 1050 2642 ignibus-
1114 2583 1434 2632 comburunt.
1466 2581 1598 2630 Vide
1641 2585 1764 2644 Veg.
1806 2596 1884 2630 lv.
1917 2585 2001 2630 18.

173 2589 300 2696 queg
326 2643 553 2714 Malleoli
599 2645 802 2705 sagittae
826 2653 941 2694 sunt
963 2682 979 2705 ‚
1000 2647 1053 2693 i—
1114 2650 1289 2695 Amm.
1326 2647 1559 2698 Marcell.
1587 2657 1751 2694 xnu.
1787 2657 1872 2695 10.

171 2713 315 2762 gnem
342 2715 391 2752 ei
414 2706 725 2758 alimentum
752 2709 1053 2771 circumpli·
1132 2773 1134 2775 ι
1766 2735 1771 2745 κ
