2459 3834
850 161 1324 222 FRAGMENTA
1868 163 2017 243 599

188 263 311 329 pta
333 261 467 310 sunt
488 291 507 325 ,
534 249 857 310 nominatur
896 249 1079 322 Julius
1106 246 1296 303 Caesar
1317 285 1340 317 ‚
1385 243 1500 303 sed
1523 239 1789 302 Aut-eiius
1827 244 2018 305 Caesar

196 334 241 390 l.
273 351 366 389 11.
399 334 525 389 sive
563 349 644 388 xx.
670 329 1061 402 Epistularum
1089 329 1161 383 ad
1190 325 1562 383 Frontonem.
1596 321 1734 402 ‚Quo
1763 337 2020 399 comper-

199 423 267 468 to
287 452 309 483 ‚
344 412 747 468 auctoritatem
777 407 947 466 Civis
982 407 1221 464 Romam·
1253 407 1487 479 insuper
1508 403 1698 460 habu&
1733 401 1864 461 Sed
1879 407 2022 481 quid

199 492 425 563 spuriis
455 491 546 547 bis·
577 491 796 544 diutius
835 489 1097 544 immoror
1118 526 1137 558 ,
1157 487 1252 563 qui
1281 485 1553 565 legitima
1575 523 1598 560 ‚
1624 483 1677 541 si
1699 500 1822 560 quae
1845 497 2020 559 porro

202 580 441 627 restant
466 609 485 640 ,
519 568 880 646 Fragmenta
904 562 1147 645 colligo?

329 649 496 721 Apud
522 645 801 704 Caesarem
824 685 842 716 ,
870 659 940 702 -et
968 644 1236 701 Catulum
1256 685 1277 718 ,
1319 659 1376 702 et
1395 641 1638 702 Calvum
1669 645 1880 702 lectum
1909 655 2017 704 est:

201 743 339 784 cum
370 728 479 800 jam
506 726 661 784 fulva
700 727 849 784 cinis
879 725 1074 782 fueris.
1119 725 1358 783 Nonius
1385 726 1445 780 in
1467 741 1605 782 voce
1626 723 1812 782 Ciuis.
1838 787 1842 792 ,

328 803 496 861 Salve
528 808 741 880 primus
769 807 1022 861 omnium
1066 822 1268 878 parens
1288 804 1494 860 Patriae
1524 807 1810 878 appellate
1831 844 1851 876 ,
1890 805 2021 880 pri-

200 902 329 942 mus
360 885 420 940 in
452 898 589 962 toga
620 885 951 956 triunphutn
976 924 995 955 ‚
1023 886 1337 960 linguaeque
1372 887 1620 940 lauream
1661 884 1870 940 merite
1893 924 1912 956 ,
1959 897 2022 942 et

204 965 523 1037 facundiae,
579 964 1026 1038 Latinarumque
1082 965 1378 1020 literarum
1426 980 1624 1038 parens
1655 979 1670 1018 ε
1708 976 1879 1033 atque
1917 973 2022 1033 (ut

205 1042 482 1100 Dictator
510 1042 697 1108 Caesar
731 1045 915 1100 hostis
942 1042 1227 1117 quondam
1259 1056 1384 1100 tuus
1412 1043 1486 1099 de
1519 1055 1576 1099 te
1621 1041 1901 1116 scripsit)
1942 1058 2020 1098 o-

209 1124 432 1180 mniurn
472 1123 891 1196 triumphorum
923 1125 1171 1179 lauream
1211 1124 1420 1195 adepte
1451 1122 1723 1197 majorem
1752 1162 1772 1192 ,
1803 1133 2020 1195 quanto

210 1205 337 1274 pius
356 1216 467 1272 est,
498 1204 715 1276 ingenii
740 1203 982 1258 Romani
1008 1202 1282 1259 terminos
1308 1201 1366 1257 in
1390 1214 1613 1258 tantum
1637 1202 2014 1274 promovisse,

206 1296 378 1356 quam
399 1283 653 1354 imperii.
679 1281 837 1337 Plin.
864 1280 909 1337 Ι.
934 1298 989 1357 7.
1019 1299 1062 1338 c.
1096 1297 1189 1356 30.
1220 1281 1282 1336 in
1299 1279 1422 1353 fine
1442 1321 1463 1353 ,
1493 1279 1588 1337 aba·
1615 1279 1689 1337 de
1718 1277 2014 1338 Cicerone.

327 1358 536 1417 Cicero
564 1358 876 1416 Causarum
916 1376 1083 1416 xun:
1128 1378 1189 1416 re
1231 1361 1469 1416 vendita
1509 1360 1720 1418 iterum
1774 1370 2021 1432 emptas3

202 1440 355 1494 unde
376 1438 737 1496 manifestum
758 1438 835 1495 'fit
865 1439 1096 1495 vendita
1128 1456 1240 1496 non
1271 1439 1389 1497 dici
1411 1479 1432 1512 ,
1459 1439 1558 1496 sed
1585 1451 1683 1494 aut
1714 1438 2026 1494 venumda.-

206 1529 291 1587 τε,
320 1531 418 1574 aut
449 1519 683 1575 vendita
702 1558 722 1591 ,
752 1532 811 1576 ut
842 1515 1069 1576 Cicero.
1099 1517 1169 1590 C.
1203 1516 1346 1575 Caes.
1380 1518 1760 1592 possessiones
1789 1517 2024 1590 redimi,

208 1613 305 1653 eas
336 1610 532 1669 postea
563 1600 738 1671 pluris
762 1599 1039 1655 venditas.
1066 1599 1386 1656 Diomedes
1414 1596 1456 1654 Ι.
1495 1615 1546 1654 1.

322 1676 535 1734 Esseda
564 1678 860 1748 vehiculi,
909 1681 999 1734 vel
1030 1693 1225 1734 currus
1275 1693 1452 1753 genus
1475 1713 1496 1749 ,
1525 1693 1638 1752 quo
1680 1676 1842 1734 soliti
1889 1667 2024 1733 su‘nt

202 1772 455 1829 pugnare
483 1754 682 1814 Galliz
723 1753 912 1812 Caesar
946 1759 1112 1814 testis
1148 1769 1236 1814 est
1267 1757 1418 1814 libro
1446 1757 1517 1812 ad
1538 1754 1881 1814 Ciceronem
1921 1775 2018 1812 m.

202 1835 397 1890 Multa
427 1835 611 1891 millia
647 1835 903 1910 equiturn
926 1876 946 1908 ‚
974 1849 1147 1912 atque
1168 1836 1588 1894 essedariorum
1632 1835 1822 1892 habet.
1870 1835 2025 1910 Hinc

205 1915 267 1969 et
286 1914 633 1987 gladiatores
655 1916 930 1971 essedarii
962 1917 1229 1974 dicuntur
1250 1957 1269 1988 ,
1297 1915 1395 1991 qui
1424 1933 1592 1974 curru
1623 1926 1871 1972 certant.
1893 1913 2025 1989 Ju-

207 1993 337 2049 nius
361 1992 753 2073 Philargyrus
783 1995 843 2050 in
868 2013 920 2070 3.
956 1992 1173 2074 Georg.
1200 1997 1276 2052 V
1269 1995 1437 2076 irgil.
1539 2045 1544 2050 .

323 2071 611 2146 Augustus
662 2092 882 2149 quoque
925 2073 983 2130 in
1014 2075 1296 2148 Epistolis
1324 2077 1396 2130 ad
1445 2071 1515 2133 C.
1546 2071 1828 2131 Caesarem
1869 2075 2028 2130 scri-

206 2151 323 2224 ptis
363 2153 667 2225 emendat,
708 2155 857 2226 quod
902 2156 952 2208 is
978 2152 1246 2210 Calidum
1287 2155 1524 2225 dicere,
1575 2172 1744 2227 quam
1785 2152 2029 2209 Caldum

204 2231 307 2298 (in
337 2229 509 2286 libris
540 2229 708 2302 forte
740 2234 811 2288 de
832 2231 1139 2310 Analogia
1170 2239 1189 2304 )
1218 2234 1385 2287 malit
1410 2250 1427 2288 ε
1461 2251 1570 2288 non
1593 2234 1725 2306 quia
1755 2232 1891 2284 illud
1916 2247 2031 2288 non

209 2307 285 2362 sit
318 2310 581 2378 latinum,
604 2310 701 2366 sed
731 2312 863 2383 quia
894 2313 971 2366 sit
1001 2312 1260 2368 odiosum
1282 2351 1300 2383 ‚
1331 2324 1390 2366 et
1411 2350 1434 2382 ‚
1461 2324 1522 2366 ut
1547 2311 1668 2383 ipse
1688 2326 1869 2385 graeco
1893 2325 2025 2376 ‚ver-

212 2387 283 2442 bo
324 2386 676 2462 significavit
701 2407 724 2462 3
748 2417 1047 2464 περιεργρυ.
1078 2389 1478 2470 ‚Quinctilium
1520 2388 1657 2448 libr.
1685 2407 1736 2448 ι.
1759 2405 1807 2446 c.
1827 2388 1885 2446 6.

594 2543 664 2602 C.
708 2545 919 2619 JULII
958 2543 1313 2614 CAESARIS
1353 2545 1625 2607 DICTA.

327 2623 418 2680 Tu
466 2643 649 2700 quaeso
675 2666 693 2696 ,
740 2627 1009 2701 quicquid
1057 2631 1191 2686 novi
1230 2633 1458 2698 (multa
1503 2645 1698 2686 autem
1735 2634 2027 2704 exspecto)

214 2705 459 2760 scribere
496 2723 569 2761 ne
600 2708 861 2778 pigrere:
907 2707 965 2761 in
999 2707 1130 2780 his,
1172 2710 1245 2764 de
1275 2710 1453 2768 Sexto
1495 2711 1637 2766 satis
1680 2727 1747 2765 ne
1787 2723 2029 2784 certum,

213 2784 457 2840 maxime
506 2797 696 2840 autem
746 2787 818 2840 de
867 2785 1047 2842 Bruto
1084 2802 1318 2847 nostro:
1361 2792 1434 2845 de
1486 2805 1598 2862 quo
1635 2790 1866 2863 quidem
1907 2791 2030 2862 ille,

211 2863 282 2918 ad
310 2880 477 2937 quern
526 2865 784 2935 diverti,
826 2863 1107 2922 Caesarem
1147 2869 1380 2925 solitum
1423 2867 1656 2925 dicere:
1700 2867 1906 2942 Magni
1936 2885 2032 2924 re-

212 2941 369 3015 fert,
392 2943 495 3012 ‘hic
524 2943 660 3018 quid
702 2945 886 3000 velit:
933 2943 1032 3000 sed
1072 2947 1344 3022 quidquid
1379 2949 1534 3018 vult,
1563 2945 1728 3003 valde
1757 2951 1899 3002 vult.
1925 2945 2030 3016 (U.

208 3018 279 3076 C.
310 3023 583 3097 quidquid
624 3025 811 3094 volet,
850 3025 1014 3080 valde
1043 3029 1231 3084 volet:
1253 3038 1270 3096 )
1296 3028 1466 3102 idque
1495 3042 1625 3082 eum
1652 3026 2032 3084 animadver-

105 3173 116 3186 .
214 3099 350 3155 tisse
370 3139 393 3174 ‚
432 3119 563 3158 cum
590 3119 692 3174 pro
721 3099 999 3177 Dejotaro
1028 3103 1213 3162 Niciae
1243 3097 1487 3179 dixerit,
1525 3106 1692 3162 valde
1720 3107 2032 3162 vehemen-
2137 3157 2142 3162 .

214 3188 301 3232 ter
340 3195 465 3236 eum
494 3183 720 3255 visum,
758 3197 821 3240 et
847 3184 1030 3240 libere
1055 3185 1272 3243 dicere.
1313 3183 1438 3244 Cic.
1485 3184 1527 3242 l.
1566 3203 1654 3261 14·
1701 3185 1914 3262 Epist.
1954 3185 2037 3242 ad

208 3253 414 3312 Attio.
445 3263 618 3334 epist.
659 3279 710 3318 1.
1832 3283 1862 3294 '⁵

323 3333 595 3398 Proxime
622 3348 753 3400 cum
790 3340 975 3402 Sextii
1014 3355 1220 3421 rogatu
1261 3343 1413 3421 apud
1437 3363 1567 3405 eum
1607 3345 1839 3406 fuissem
1859 3386 1880 3419 ,
1921 3362 2036 3415 ειη

218 3429 645 3497 spectaremque
673 3423 875 3483 sedens
892 3465 915 3499 ‚
950 3428 1138 3503 quoad
1168 3443 1442 3505 vocarer,
1460 3429 1676 3487 dixisse
1714 3445 1843 3486 eum
1867 3447 1880 3484 ε
1908 3425 2038 3502 Ego
