2459 3834
841 51 996 107 11an
1059 51 1133 105 A·
1195 52 1467 112 lemlto
1564 81 1575 116 t
1788 43 1796 54 ἱ
1921 67 2071 144 529

185 129 352 208 *pere
385 130 655 206 possent.
716 129 916 202 Scipio
959 132 1197 194 interim
1262 135 1516 208 cognitis
1564 133 1811 210 Cauniis
1866 151 2075 204 consi-

211 217 314 269 liis
337 255 358 284 ,
397 201 490 268 ad‘
511 213 912 270 necessitatem
943 210 1227 274 adductus
1260 215 1625 288 dimicandi,
1658 237 1731 275 ne
1772 237 1875 294 per
1915 243 2075 288 sum..

212 285 372 349 mum
395 294 640 350 dedecus
659 291 970 348 fidissimos
1009 293 1130 348 suis
1160 293 1327 350 rebus
1353 294 1753 369 Thapsitanos
1774 339 1795 372 ,
1824 315 1886 358 et
1915 307 2075 364 ver,

215 376 422 448 gilium
483 376 789 430 amitteret
831 411 852 443 ,
910 371 1220 434 confestim
1272 371 1563 441 Caesarem
1598 396 1715 452 per
1770 387 2077 456 superiora

212 457 343 510 loca
397 467 733 511 consecutus
764 493 784 526 ,
837 453 1024 520 millia
1087 469 1325 524 pasuum
1376 475 1507 513 v111.
1562 473 1597 513 a
1626 458 1871 534 Thapso
1921 467 2075 526 binis

213 535 424 590 castris
453 535 745 589 consedit.
783 531 932 589 Erat
981 545 1251 606 stagnum
1309 531 1676 611 salinarum,
1718 542 1875 600 inter
1918 550 2071 624 quod
2116 577 2125 596 x

214 621 280 669 et
321 631 482 668 mare
513 613 790 687 angustiae
825 610 1081 685 quaedam
1125 628 1238 667 non
1282 615 1530 690 amplius
1560 620 1763 692 mille,
1795 637 1856 680 et
1886 627 2071 700 quin..
2114 595 2195 654 ⁸0

216 709 426 769 gentos
469 709 660 766 passus
702 695 1026 746 intererant
1052 731 1072 762 ‚
1101 709 1241 765 quas
1271 691 1469 768 Scipio
1498 699 1725 760 intrare
1746 741 1765 772 ‚
1806 716 1868 760 et
1898 705 1951 762 T
1956 709 2076 770 ha·-

117 799 138 812 ··
217 774 469 846 psitanis
511 773 786 830 auxilium
819 771 972 830 ferre
1003 771 1319 828 conabatur
1339 813 1359 844 ,
1412 779 1563 850 quod
1606 777 1903 856 futurum,
1932 785 2078 848 Cae..

220 870 412 908 sarem
445 871 556 909 non
587 853 891 926 fefellerat.
925 849 1196 926 Namque
1229 854 1419 925 pridie
1464 857 1529 912 iu
1567 875 1637 915 eo
1666 861 1797 918 loco
1828 871 2073 927 castello

220 923 490 1004 munito,
541 934 739 1008 ibique
763 933 928 1001 trino
977 931 1245 1003 praesidio
1289 935 1540 1007 relicto,
1569 939 1699 1010 ipse
1742 957 1871 998 cum
1921 949 2075 1007 reli...

218 1014 348 1088 quis
401 1015 624 1085 copiis,
675 1013 888 1066 lunatis
937 1012 1190 1084 castris,
1242 1011 1539 1087 Thapsum
1604 1022 1879 1091 operibus
1946 1028 2076 1083 cir-

221 1094 625 1148 cummunivit.
659 1092 854 1165 Scipio
894 1091 1133 1146 interim
1179 1096 1437 1155 exclusus
1467 1096 1540 1150 ab
1571 1097 1809 1172 incepto
1840 1104 2079 1180 itinere,

223 1190 396 1246 supra
455 1187 720 1247 stagnum
774 1184 1005 1246 postero
1043 1171 1140 1226 die
1165 1211 1186 1242 ‚
1236 1185 1297 1227 et
1358 1189 1533 1244 nocte
1586 1179 1900 1255 confecta,
1929 1192 2079 1244 coelo

221 1255 495 1323 albente,
547 1271 658 1308 non
703 1257 871 1326 longe
923 1269 956 1306 a
997 1252 1249 1323 castriS‚
1284 1256 1661 1330 praesidioque
1688 1299 1709 1331 ‚
1767 1266 1920 1336 quod
1972 1284 2079 1322 su-

225 1351 333 1406 pra
364 1336 940 1392 commemoravimus
969 1371 990 1402 ,
1031 1350 1130 1387 Mc.
1183 1333 1443 1404 passibus
1473 1371 1515 1407 ‚·
1552 1338 1625 1394 ad
1666 1355 1827 1398 mare
1883 1363 2079 1404 versus

226 1415 536 1484 consedit,
566 1426 626 1468 et
652 1427 842 1468 castra
874 1412 1099 1466 munire
1138 1414 1340 1485 coepit.
1382 1413 1554 1493 Quod
1590 1423 1891 1493 postquam
1938 1425 2079 1480 (ξω,

227 1495 347 1550 sari
390 1494 721 1552 nuntiatum
769 1507 900 1565 est,
959 1492 1149 1564 milite
1192 1494 1264 1546 ab
1308 1510 1486 1566 opere
1534 1497 1784 1557 deducto
1806 1513 1830 1575 ‚*
1866 1509 2081 1564 castris

227 1575 498 1646 praesidio
545 1574 870 1644 Asprenate
921 1576 1259 1644 proconsule
1306 1591 1435 1632 cum
1486 1577 1808 1650 legionibus
1851 1603 1928 1643 u.¹
1972 1604 2081 1644 re...

226 1654 374 1710 licto
394 1693 414 1725 ,
458 1655 580 1725 ipse
615 1649 672 1696 ¹⁶
715 1671 845 1718 cum
870 1652 1142 1725 expedita
1173 1653 1342 1726 copia
1371 1657 1431 1710 in
1464 1673 1593 1712 eum
1624 1662 1811 1716 locum
1845 1663 2080 1723 citatim

229 1736 572 1803 contendit,
623 1736 933 1808 classisque
974 1745 1140 1804 parte
1180 1733 1255 1787 ad
1288 1732 1583 1808 Thapsum
1638 1743 1854 1796 relicta·
1868 1783 1888 1814 ,
1929 1749 2083 1808 reli..

227 1831 364 1887 quas
397 1831 570 1868 naves
615 1813 775 1887 jubet
826 1825 956 1887 post
1008 1812 1264 1870 hostium
1320 1827 1545 1890 tergum
1596 1835 1768 1892 quam
1821 1829 2080 1883 maxime

235 1894 308 1948 ad
355 1894 498 1952 litus
540 1896 797 1969 appelli,
839 1895 1173 1966 signumque
1224 1911 1385 1950 suum
1422 1896 1779 1956 observare:
1824 1921 1935 1976 quo
1986 1909 2081 1962 si..

235 1988 350 2047 gno
377 1974 516 2028 dato
539 2013 558 2044 ‚
587 1975 780 2035 subito
823 1978 1091 2052 clamore·
1115 1973 1275 2030 facto
1296 2013 1317 2046 ,
1359 1993 1430 2030 ex
1459 1977 1779 2050 improviso
1810 1984 2079 2048 hostibus

233 2055 452 2111 aversis
485 2055 814 2117 incuterent
863 2068 1184 2124 terrorem,
1216 2066 1279 2108 ut
1332 2059 1653 2127 perturbati
1676 2101 1697 2135 2
1742 2079 1810 2116 ac
1843 2080 2083 2136 perter-

235 2133 342 2189 riti
371 2135 660 2206 respicere
692 2148 818 2207 post
852 2149 1014 2207 terga
1059 2149 1420 2207 cogerentur.
1452 2135 1583 2210 Quo
1616 2156 1919 2216 postquam
1952 2145 2083 2205 (ἷκ-

236 2228 330 2267 sar
362 2215 753 2286 pervenit‚et
783 2216 1200 2271 animadvertit
1252 2215 1435 2270 aciem
1480 2235 1584 2294 pto
1635 2225 1788 2276 vallo
1836 2223 2078 2298 Scipio-
2123 2223 2195 2281 81

237 2293 326 2346 nis
361 2290 570 2348 casti-‘is
591 2333 610 2365 ,
641 2295 1077 2366 elephantisque
1099 2295 1306 2350 dextro
1329 2334 1349 2364 ‚
1379 2296 1729 2372 sinistroque
1752 2319 1931 2364 cornu
1962 2311 2084 2364 col-

239 2373 490 2443 locatis,
519 2385 579 2426 et
623 2374 996 2433 nihilominus
1040 2387 1267 2445 partem
1311 2376 1564 2432 militum
1620 2396 1813 2445 castra,
1864 2403 1975 2442 non
2020 2388 2085 2444 i..

175 2476 180 2484 .
239 2453 508 2525 gnaviter
551 2455 774 2508 munire
804 2474 824 2525 ;
855 2455 978 2526 ipse
997 2493 1016 2525 ‚
1049 2454 1175 2508 acie
1208 2454 1429 2527 triplici
1456 2461 1743 2524 collocata
1772 2502 1792 2533 ‚
1822 2465 2085 2538 legatio..

179 2545 184 2559 ·
239 2549 314 2586 ne
335 2549 390 2586 Χ.
413 2571 434 2602 ,
461 2535 820 2607 secundaque
841 2536 1048 2589 dextro
1069 2551 1246 2606 cornu
1267 2575 1287 2606 ‚
1320 2554 1451 2590 v111.
1483 2551 1543 2591 et
1567 2553 1647 2594 tx.
1670 2543 1948 2616 sinistro,
1979 2567 2089 2621 op-

241 2613 454 2686 positis
483 2630 536 2666 v.
585 2615 904 2688 legionibus
945 2615 1006 2668 in
1059 2617 1481 2688 quarta'acie,
1511 2632 1647 2674 ante
1698 2623 1822 2692 ipsa
1872 2643 2088 2686 cornua

241 2691 810 2766 quinis.'cohortibus
831 2737 850 2768 ,
879 2709 1083 2750 contra
1125 2695 1341 2750 bestias
1372 2701 1711 2778 collocem,
1740 2705 2088 2782 sagittariis,

240 2771 629 2828 funditoribus
671 2775 729 2828 in
777 2777 1032 2848 utrisque
1065 2777 1335 2830 cornibus
1365 2778 1701 2851 dispositis,
1726 2785 1954 2856 levique
1980 2805 2090 2842 ar...

242 2866 472 2908 matura
525 2853 678 2908 inter
729 2857 950 2928 equites
1002 2855 1307 2928 interjecta
1339 2896 1360 2928 ,
1412 2857 1535 2928 ipse
1587 2862 1829 2932 pedibus
1866 2867 2089 2926 circum

241 2935 462 2988 milites
491 2949 836 2990 concursans
868 2974 887 3006 ,
947 2938 1312 3009 virtutesque
1358 2951 1760 2998 veteranorum
1784 2981 1805 3013 ‚
1850 2949 2091 3016 praelia-

245 3031 353 3086 que
383 3014 682 3087 superiora
721 3033 1182 3089 commemorans
1202 3019 1573 3120 ,blandeque
1604 3025 1903 3097 apellens,
1944 3031 2089 3084 ani-

313 3196 378 3242 16
442 3170 554 3246 ὀιιηι
573 3203 799 3258 expedita
813 3205 988 3259 copia.)
1003 3203 1132 3248 Cum
1171 3200 1388 3263 -pedita-
1417 3203 1546 3250 Vide
1567 3215 1717 3265 sup-ra
1736 3219 1851 3276 epp.
1882 3222 1938 3269 4.
1956 3223 2086 3271 sect,

240 3259 404 3324 copiis
427 3294 444 3326 ‚
465 3274 548 3308 seu
585 3261 732 3324 parte
761 3267 1016 3316 exercitus
1043 3279 1134 3312 ex·
1200 3277 1283 3313 10.
1988 3301 1993 3304 .

281 3376 288 3401 ι
1434 3327 1508 3384 Ll
