2459 3834
386 72 492 147 40
927 78 1027 129 DE
1077 76 1317 133 Bet-:Lm
1368 78 1696 135 Glauco

388 159 674 235 phalange
711 158 906 228 facta,
919 157 1180 229 impetus
1227 162 1550 233 gladiorum
1590 168 1954 235 exceperunt.
1978 161 2229 237 Reper-

390 237 439 291 ti
471 255 600 294 sunt
640 242 960 319 complures
987 240 1186 295 'nostri
1215 241 1443 296 milites
1466 281 1485 311 ‚
1516 241 1635 314 qui
1656 241 1715 297 in
1758 244 2068 317 phalanges
2110 244 2227 299 in·-

387 318 660 391 silirent,
697 333 757 375 et
790 323 951 375 scuta
991 296 1249 392 manibus
1292 324 1668 393 revellerent,
1701 334 1761 377 et
1805 323 2045 395 desuper
2076 326 2228 378 vul-

389 412 678 455 nerarent.
729 394 878 455 Cum
929 397 1180 455 hostium
1215 400 1373 455 acies
1422 418 1457 455 a
1502 401 1741 458 sinistro
1800 418 1975 459 cornu
2032 406 2227 477 pulsa,

387 492 563 550 atque
594 481 653 533 in
697 478 890 552 fugam
923 494 1210 534 conversa
1250 493 1440 551 esset,
1482 496 1517 535 a
1564 481 1771 539 dextro
1820 498 1995 539 cornu
2034 483 2243 556 vehe-ss

388 574 613 613 menter
655 558 1022 616 multitudine
1055 556 1281 615 suorum
1314 574 1569 617 nostram
1616 562 1803 619 aciem
1858 563 2221 635 premebant.

389 635 457 691 Id
525 656 656 694 cum
712 634 1218 695 animadvertisset
1266 637 1330 694 P
1380 638 1621 697 Crassus
1684 643 2013 699 adolescens
2045 682 2065 714 ,
2112 643 2224 716 qui

391 719 672 790 equitatui
707 732 946 791 praeerat
971 758 990 789 ,
1029 720 1180 791 quod
1230 720 1557 791 expeditior
1588 734 1715 776 erat
1738 760 1759 793 ,
1786 738 1953 798 quam
1984 722 2043 777 hi
2067 762 2088 793 ,
2114 722 2224 795 qui

392 797 548 853 inter
603 800 787 854 aciem
839 798 1209 855 versabantur
1240 840 1259 871 ,
1306 800 1543 855 tertiam
1584 800 1771 857 aciem
1820 800 2223 860 laborantibus

275 886 356 949 53
397 880 610 935 nostris
647 878 900 936 subsidio
939 880 1118 935 misit.
1149 878 1241 935 Ita
1282 880 1537 952 praelium
1584 882 1917 937 restitutum
1965 894 2095 951 est,
2122 894 2227 938 at·

391 974 500 1032 que
547 976 742 1016 omnes
785 963 976 1015 hostes
1007 972 1171 1033 terga
1211 972 1555 1033 verterunt,
1534 979 1549 993 ·
1596 977 1777 1035 neque
1815 962 1970 1035 prius
2018 960 2245 1035 fugere·

385 1040 738 1096 'destiterunt
763 1079 784 1112 ‚
823 1056 994 1115 quam
1035 1038 1107 1095 ad
1152 1036 1367 1095 flumen
1387 1040 1657 1096 Rhenum
1717 1037 1776 1085 ⁸⁷
1836 1041 2021 1097 millia
2064 1058 2225 1113 pas·-

389 1135 552 1176 suum
581 1138 651 1176 ex
678 1137 748 1177 eo
784 1123 912 1177 loco
951 1119 1188 1175 circiter
1238 1120 1651 1195 quinquaginta
1690 1132 2089 1193 pervenerunt.
2120 1122 2223 1178 Ibi

388 1202 706 1273 perpauci,
754 1213 854 1257 aut
895 1190 1114 1256 viribus
1169 1197 1371 1256 confisi
1420 1212 1721 1255 transnare
1768 1200 2223 1273 contenderunt;

388 1293 493 1335 aut
517 1278 790 1357 lintribus
827 1279 1080 1335 inventis
1119 1281 1364 1336 salutem
1392 1279 1503 1335 sibi
1546 1281 1850 1352 petierunt.
1882 1280 1950 1335 In
1981 1281 2075 1335 his
2103 1280 2223 1338 fuit

389 1358 758 1431 Ariovistus,
785 1361 886 1435 qui
927 1357 1251 1417 naviculam
1296 1358 1609 1434 deligatam
1650 1360 1723 1415 ad
1766 1361 1953 1433 ripam
1994 1371 2221 1433 nactus,

389 1455 462 1495 ca
515 1441 814 1514 profugit:
869 1439 1117 1512 reliquos
1163 1454 1365 1495 omnes
1419 1439 1641 1513 equites
1688 1440 1993 1497 consecuti
2029 1442 2221 1499 nostri

388 1517 826 1577 interfecerunt.
866 1516 1007 1573 Duae
1056 1518 1287 1574 fuerunt
1328 1517 1616 1575 Ariovisti
1644 1534 1891 1590 uxores,
1932 1536 2044 1575 uua
2074 1518 2219 1577 Sue·

387 1615 468 1655 ua
500 1599 772 1691 natione,
801 1613 969 1671 quam
1019 1596 1190 1654 domo
1236 1612 1425 1655 secum
1464 1598 1815 1670 adduxerat,
1848 1603 2035 1655 altera
2078 1597 2225 1658 No-

389 1670 550 1751 rica,
583 1678 735 1753 regis
765 1677 1050 1737 Vocionis
1097 1692 1311 1751 soror,
1350 1694 1519 1751 quam
1556 1678 1618 1735 iu
1648 1676 1860 1735 Gallia
1894 1679 2133 1735 duxerat
2182 1696 2223 1736 a

389 1756 573 1814 fratre
617 1760 894 1815 missam.
938 1770 1178 1831 utraque
1226 1758 1289 1813 in
1340 1774 1407 1813 ea
1458 1756 1591 1831 fuga
1639 1758 1837 1831 periit.
1892 1758 2035 1815 Duae
2084 1757 2221 1815 filie

387 1837 635 1911 harum,
664 1841 846 1895 altera
874 1838 1066 1895 occisa
1086 1875 1108 1907 ,
1133 1840 1318 1895 altera
1346 1848 1521 1911 capta
1540 1848 1646 1893 est.
1674 1836 1745 1895 C.
1768 1837 2043 1910 yalerius
2060 1837 2223 1897 Pro-

388 1918 556 1976 cillus
575 1958 597 1991 ‚
639 1936 770 1975 cum
807 1935 844 1973 a
876 1916 1202 1973 custodibus
1234 1918 1296 1971 in
1334 1916 1469 1991 fuga
1510 1917 1681 1974 trinis
1719 1920 1940 1975 catenis
1981 1918 2210 1977 vinctus
2302 1982 2310 1987 ,

389 1998 724 2055 traheretur
763 2035 783 2068 ,
835 1998 894 2053 in
943 1998 1130 2068 ipsum
1175 1994 1463 2053 Caesarem
1506 2032 1531 2069 -‚
1582 1996 1837 2054 hostium
1894 1998 2219 2073 equitatum

309 2070 314 2077 ’
389 2090 826 2151 persequentem
859 2076 1084 2131 incidit.
1123 2074 1265 2149 Quae
1318 2076 1549 2151 quidem
1588 2094 1679 2133 res
1702 2074 1919 2134 Caesari
1949 2095 2063 2137 non
2092 2078 2219 2135 mi-

390 2174 627 2229 norem,
667 2173 836 2231 quam
859 2156 1010 2229 *ipsa
1049 2154 1343 2227 victoria,
1392 2158 1749 2229 voluptatem
1776 2157 2019 2230 attulit,
2066 2158 2219 2234 quod

389 2235 690 2295 hominem
729 2234 1194 2293 honestissimum
1248 2236 1557 2309 provinciae
1604 2234 1813 2292 Galliae
1842 2276 1862 2308 ‚
1909 2254 2071 2293 suum
2112 2237 2221 2294 ‘fa-

391 2318 680 2373 miliarem
702 2356 721 2389 ‚
753 2330 814 2371 ct
859 2315 1148 2387 hospitem
1179 2344 1204 2387 ‚·
1244 2325 1512 2389 ereptum
1548 2332 1582 2371 e
1627 2315 1886 2373 manibus
1945 2317 2222 2391 hostium,

391 2396 506 2451 sibi
535 2398 864 2453 restitutum
888 2394 1130 2467 ..videbat
1161 2414 1184 2465 ς
1228 2412 1410 2471 neque
1442 2394 1562 2471 ejus
1590 2397 1925 2455 calamitate
1954 2398 2029 2453 de
2058 2409 2222 2455 tanta

391 2478 732 2549 voluptate,
769 2487 828 2532 et
871 2474 1263 2549 gratulatione
1304 2476 1613 2551 quidquam
1648 2476 1883 2534 fortuna
1926 2476 2225 2541 diminue-

457 2656 524 2711 87
587 2654 761 2699 Minio
808 2662 1041 2708 passuum
1092 2650 1277 2696 circiter
1339 2646 1450 2695 bet·
1484 2654 1537 2696 et
1582 2645 1887 2696 Plutarchus
1931 2648 2131 2695 caesare
2168 2656 2223 2707 p.

390 2713 918 2779 quinquaginm.)1„1br1
936 2720 1132 2760 veteres
1151 2715 1279 2770 quin·
1344 2722 1463 2767 717.
1491 2712 1584 2759 ἐπὶ
1618 2709 1819 2768 ςαδὶους
1856 2710 2221 2769 τιριακοσίους,

392 2797 510 2843 que:
556 2788 608 2828 et
637 2772 1036 2837 metaphrastres
1081 2789 1275 2823 τεττα
1338 2775 1475 2841 quod
1502 2774 1713 2835 quidem
1756 2786 1967 2821 numero
2007 2774 2223 2832 expleu-

393 2847 626 2905 potuum-a
649 2840 820 2899 ςάδια.
855 2840 950 2887 Sed
970 2839 1136 2891 minus
1161 2850 1277 2896 spa·
1338 2826 1405 2883 do
1450 2850 1546 2885 uon
1585 2836 1819 2895 sufficit3
1862 2846 2009 2883 vetus
2048 2844 2217 2883 tamen

389 2907 566 2962 tium,
597 2903 844 2966 profugae
887 2901 1273 2973 longinquitate,
1340 2900 1589 2961 interpres
1632 2898 1736 2957 ejus
1766 2902 2111 2960 quadrmgenta
2132 2897 2223 2946 ha·

393 2980 553 3031 quam
582 2967 676 3016 hoc
716 2968 827 3015 loco
861 2969 1028 3014 Caesar
1075 2962 1277 3011 deseri·
1340 2963 1485 3020 bet,
1544 2972 1595 3010 et
1654 2962 1909 3021 stephano
1981 2972 2111 3010 teste
2170 2960 2222 3010 iu

395 3032 516 3093 psit.
564 3032 750 3078 iccirco
780 3030 1102 3078 doctissimus
1131 3027 1281 3087 quis·
1342 3026 1647 3087 quibusdam
1690 3025 1834 3074 libris
1872 3024 2247 3083 τετρακοίους-

397 3107 498 3155 que
525 3100 691 3141 censet
734 3096 1070 3153 quinquaginta
1113 3096 1281 3148 legen·
1345 3088 1640 3147 invenitur,
1666 3098 1789 3150 quot
1820 3088 1986 3136 stadia
2018 3087 2220 3135 omnino

395 3162 542 3213 aum,
586 3156 705 3216 quia
739 3154 942 3205 orosius
983 3168 1060 3201 vr.
1104 3166 1150 3208 7.
1186 3152 1278 3212 qui
1345 3152 1718 3227 quinquaginta
1764 3149 2011 3201 milliaria
2060 3148 2219 3202 confi·-

395 3191 542 3267 haud,
584 3218 736 3265 dubie
769 3221 1021 3263 Caesarem
1047 3215 1291 3273 subleuit‚·
1346 3215 2243 3315 ciunt.1

395 3283 734 3345 quinquaginta
757 3283 907 3329 millia
919 3292 1154 3338 passuum
1180 3276 1283 3329 ha-
