2459 3834
386 148 532 245 582
838 223 844 230 ,
936 162 1007 217 c.
1063 160 1270 231 Ju1-„11
1324 136 1656 213 CAESAm‘s

377 326 492 384 Ex
530 322 783 384 LIBRIS
824 322 1064 381 EPIST.
1102 320 1217 377 AD
1253 319 1322 377 C.
1359 314 1669 377 OPPIUM
1689 354 1712 391 ,
1750 312 1859 371 ET
1889 310 2264 371 BALBUM

1051 398 1563 459 CORNELIUM.

734 565 932 624 Caesar
983 562 1213 637 Oppia,
1255 572 1319 619 et
1365 560 1636 628 Cornelio
1674 556 1746 617 S.
1779 559 1865 616 D.

500 646 747 704 Gaudeo
778 647 1102 702 mehercule
1129 661 1234 701 vos
1263 640 1594 717 significare
1623 641 1854 713 literis,
1883 656 2062 715 quam
2093 643 2258 697 val·-

342 702 456 785 de
487 729 748 802 probetis
790 743 856 781 ea
882 745 1061 801 ,quae
1107 725 1256 797 apud
1287 722 1606 780 Corfinium
1653 734 1784 777 sunt
1827 732 2031 793 gesta,
2079 740 2264 778 con—

380 812 517 865 silio
552 823 749 865 vestro
784 818 913 861 utar
952 807 1240 875 libenter,
1283 817 1342 859 et
1388 805 1499 859 hoc
1548 802 1863 871 libentius,
1904 801 2057 873 quod
2104 805 2254 859 mea

381 904 590 962 sponte
643 890 833 944 facere
889 887 1345 955 constitueram,
1399 896 1459 938 nt
1512 899 1680 957 quam
1733 881 2089 955 lenissimum
2140 899 2252 938 me

380 970 728 1042 praeberem.
758 979 1043 1024 tentemus
1069 967 1177 1020 hoc
1201 964 1404 1034 mod0‚
1428 965 1476 1019 si
1505 978 1826 1036 pessumum,
1847 962 2100 1017 omnium
2125 980 2250 1018 vo-

382 1049 641 1105 luntates
674 1064 1053 1120 recuperare,
1094 1059 1154 1101 et
1184 1044 1568 1099 diuturnitate
1597 1044 1790 1099 odium
1822 1040 2071 1116 effugere
2114 1060 2246 1099 non

384 1142 737 1201 potuerunt,
812 1144 989 1201 neque
1062 1124 1373 1181 victoriam
1445 1124 1662 1179 diutius
1720 1135 1918 1177 tenere
1950 1162 1969 1191 ,
2005 1135 2246 1193 praetet·

385 1223 559 1263 unum
610 1208 671 1263 L
715 1206 975 1277 Sullam,
1015 1222 1182 1279 quem
1209 1204 1494 1259 imitatus
1544 1220 1656 1260 non
1698 1218 1862 1258 sum.
1915 1201 2032 1256 haec
2077 1219 2242 1259 nova.

388 1288 471 1343 sit
523 1290 675 1343 ratio
706 1287 1018 1356 vincendi,
1048 1300 1111 1341 ut
1154 1275 1594 1355 misericordia,
1631 1296 1692 1340 et
1731 1282 2083 1337 liberalitate
2125 1300 2240 1339 nos

391 1369 753 1424 muniamus.
770 1369 826 1421 id
852 1366 1330 1441 quemadmodum
1365 1360 1493 1419 fieri
1529 1365 1751 1457 possit,
1781 1365 2052 1417 nonnulla
2079 1362 2242 1420 mihi

390 1446 454 1501 in
490 1461 738 1504 mentem
772 1449 1013 1503 veniunt
1038 1486 1059 1517 ‚
1086 1458 1149 1501 et
1188 1448 1372 1501 multa
1412 1445 1656 1517 reperiri
1707 1454 1982 1515 possunt:
2023 1443 2097 1496 de
2142 1442 2245 1500 his

388 1528 558 1584 rebus
579 1538 613 1600 ,'
638 1544 779 1602 rogo
825 1544 926 1584 vos
946 1566 967 1599 ,
996 1539 1058 1581 ut
1088 1525 1508 1601 cogitationem
1553 1523 1901 1597 suscipiatis.
1931 1518 2039 1576 Cn.
2081 1521 2244 1578 Ma..

389 1609 549 1681 gium
596 1604 847 1679 Pompeji
883 1604 1234 1661 Praefectum
1263 1604 1660 1677 deprehendi:
1703 1603 1931 1659 scilicet
1969 1618 2096 1658 meo
2137 1603 2248 1658 in·-

390 1689 603 1743 stituto
646 1700 771 1743 usus
802 1704 965 1759 sum,
994 1699 1053 1741 et
1085 1703 1214 1741 eum
1245 1686 1446 1742 sta‘tim
1487 1684 1723 1740 missum
1764 1682 1897 1738 feci.
1940 1682 2074 1753 Jam
2115 1682 2242 1741 duo

388 1768 651 1841 praefecti
702 1762 928 1823 fabrum
983 1764 1254 1841 Pompeii!
1295 1766 1353 1822 in
1395 1782 1582 1822 mea-m
1641 1773 1992 1837 potestatem
2041 1780 2244 1819 vene-

392 1862 529 1901 runt
552 1888 571 1919 ,
612 1862 670 1901 et
717 1864 749 1901 a
793 1864 884 1902 me
932 1848 1092 1913 missi
1124 1862 1259 1902 sunt
1280 1866 1307 1917 ς,
1345 1846 1392 1901 si
1427 1849 1621 1901 volent
1650 1844 1806 1919 grati
1830 1860 1998 1913 esse,
2041 1844 2242 1898 debe-—

393 1924 537 1981 bunt
596 1926 921 1999 Pompejum
960 1926 1253 1997 ''hortari,
1306 1938 1369 1979 ut
1403 1927 1573 1981 malit
1615 1924 1761 1981 mihi
1817 1940 1942 1978 esse
1984 1923 2239 1997 amicuS,

392 2020 561 2077 quam
594 2006 664 2058 iis
687 2044 703 2073 ,
744 2006 839 2076 qui
874 2018 936 2060 et
970 2005 1098 2076 illi,
1126 2016 1187 2059 et
1241 2000 1643 2079 mihi-semper
1670 2005 1900 2061 fuerunt
1931 2002 2239 2059 inimicis-

396 2085 529 2138 simi
556 2101 570 2139 ς
614 2100 851 2158 quorum
898 2081 1171 2139 artificiis
1210 2080 1482 2141 effectum
1513 2098 1644 2157 est,
1677 2098 1737 2141 ut
1772 2085 1950 2155 Resp.
1983 2082 2045 2137 in
2077 2082 2238 2139 hunc

392 2178 606 2220 statum
633 2163 983 2241 perveniret.
1006 2164 1113 2221 Ex
1137 2160 1260 2223 Cic.
1283 2163 1422 2222 libr.
1445 2185 1502 2241 9.
1525 2166 1700 2241 epist.
1723 2165 1802 2222 ad
1817 2161 2028 2220 Attio.
2049 2164 2236 2235 epist.

328 2362 344 2368 -
778 2322 977 2385 σέων
1006 2324 1237 2401 Oppio,
1266 2338 1328 2386 et
1363 2324 1628 2386 Cornelio
1656 2324 1727 2385 S.
1759 2324 1845 2382 D.

513 2406 607 2464 Ad
655 2426 761 2464 vn.
814 2409 884 2463 Id
940 2406 1115 2465 Mart.
1148 2409 1529 2465 Brundusium
1553 2410 1730 2479 veni,
1758 2406 1830 2461 ad
1861 2419 2086 2462 murum
2117 2419 2234 2461 ca-

390 2496 513 2542 stra
539 2490 714 2558 posui.
743 2484 1042 2561 Pompejus
1062 2501 1148 2544 est
1170 2489 1510 2545 Brundusii:
1537 2488 1728 2543 missit
1749 2487 1821 2541 ad
1845 2502 1938 2540 me
1959 2483 2069 2540 Cn.
2089 2484 2236 2541 Ma-

388 2568 545 2639 gium
580 2571 652 2623 de
688 2584 821 2647 pace
844 2607 863 2637 ,
894 2585 1013 2640 quae
1046 2569 1169 2623 visa
1214 2582 1345 2623 sunt
1371 2608 1390 2639 ,
1441 2558 1750 2641 respondi·
1795 2566 1906 2621 hoc
1942 2582 2046 2621 vos
2087 2579 2234 2622 sta-

390 2648 501 2701 tim
545 2649 694 2704 scire
725 2648 921 2717 volui,
950 2664 1079 2701 cum
1112 2648 1171 2701 in
1204 2666 1364 2720 spem
1397 2666 1648 2719 venero,
1689 2648 1760 2701 de
1801 2646 2224 2715 compositione

389 2728 608 2799 aliquid
643 2745 728 2781 me
760 2724 1086 2797 conficere,
1117 2730 1318 2782 statim
1351 2745 1480 2784 vos
1495 2729 1774 2784 certiores
1812 2726 2048 2782 faciam.
2099 2727 2229 2782 Va-

386 2806 521 2861 lete.
570 2806 675 2861 Ex
707 2804 826 2862 Cic.
860 2807 900 2862 l.
934 2826 989 2879 9.
1023 2808 1197 2879 epist.
1230 2808 1310 2863 ad
1344 2808 1544 2865 Attic-
1575 2808 1767 2879 epist.
1800 2807 1888 2861 16.

384 2932 395 2938 -
510 2886 603 2941 De
633 2885 857 2942 Caesare
906 2887 1132 2960 fugerat
1182 2906 1275 2942 me
1305 2890 1374 2942 ad
1412 2899 1468 2942 te
1519 2889 1790 2943 scribere.
1840 2884 2031 2941 Video
2063 2886 2225 2941 enim

318 2999 323 3007 ·
386 2982 525 3039 quas
560 2979 619 3020 tu
652 2969 850 3022 literas
901 2968 1270 3039 exspectari&
1326 2967 1434 3023 Sed
1470 2968 1565 3022 ille
1603 2968 1838 3039 scripsit
1871 2966 1941 3020 ad
1981 2966 2222 3021 Balbum

384 3044 717 3101 fasciculum
768 3048 949 3100 ilium·
972 3049 1388 3119 epistolarum,
1433 3048 1491 3102 in
1546 3065 1658 3121 quo
1720 3049 1906 3103 fuerat
1955 3060 2013 3100 et
2065 3062 2219 3118 mea,

384 3137 446 3179 et
476 3126 677 3195 Balbi,
713 3140 899 3181 totum
947 3128 1055 3181 sibi
1103 3144 1248 3201 aqua
1273 3128 1582 3183 madidum
1615 3128 1905 3183 redditum
1947 3142 2107 3181 esse:
2151 3140 2254 3183 ut-

382 3221 455 3259 ne
516 3206 652 3261 illud
705 3206 934 3277 quidem
979 3208 1173 3279 sciat,
1224 3224 1408 3261 meam
1461 3208 1636 3264 fuisse
1689 3209 1939 3281 aliquam
1987 3207 2224 3278 episto-

382 3286 548 3355 lam3
592 3284 688 3340 sed
740 3290 810 3341 ex
866 3286 1023 3340 Balbi
1072 3289 1320 3359 epistola
1375 3304 1552 3361 pauca
1601 3288 1775 3342 verba
1827 3288 2220 3357 intellexerat,

377 3364 452 3417 ad
504 3380 622 3436 quae
668 3366 972 3438 rescripsit
1022 3367 1113 3422 his
1164 3366 1538 3424 verbis:.De
1586 3366 1870 3424 Cicerone
1924 3366 2126 3449 video!
2159 3381 2218 3421 te

2445 224 2447 269 ἱ

2445 290 2447 319 Ι
