2459 3834
736 33 763 51 ‚l

796 96 811 116 ,
1073 92 1083 98 .

434 124 589 224 436
824 150 923 207 ne
970 150 1211 206 annm
1252 152 1814 210 Annxmnmuo

370 274 373 279 .
434 228 734 299 spectandi
786 231 1128 307 ferebatur3
1175 253 1306 308 pars
1363 237 1541 297 etiam
1590 236 1912 309 cupiditate
1942 235 2258 315 pugnandi.

431 307 512 362 Hi
550 313 792 381 primum
823 312 1051 386 navigia
1100 330 1428 372 nostrorum
1477 316 1804 389 lapidibus,
1864 332 1929 372 ac
1983 318 2172 377 fundis
2215 338 2254 378 a

432 392 582 444 mole
622 392 974 463 repellebant
1010 412 1031 464 3
1072 409 1142 447 ac
1190 400 1432 451 multum
1463 394 1738 470 proficere
1768 396 2137 456 multitudine
2163 414 2254 458 te-

426 469 617 523 lorum
654 470 1014 527 videbantur.
1056 470 1165 527 Sed
1218 490 1514 549 postquam
1565 478 1713 533 ultra
1753 480 1890 531 eum
1939 478 2124 534 locum
2173 481 2250 537 ab

428 549 609 603 latere
658 558 855 605 eorum
886 562 1087 624 aperto
1116 556 1239 609 ausi
1279 567 1410 609 sunt
1456 556 1653 630 egredi
1692 572 1764 609 ex
1815 556 2051 613 navibus
2092 556 2249 615 Ale-

426 626 691 683 xandrini
720 631 879 701 pauci
903 668 923 700 ,
955 642 1017 685 ut
1046 631 1169 688 sine
1199 634 1377 707 signis
1408 673 1428 704 ,
1469 635 1754 707 certisque
1794 635 2121 709 ordinibus,
2159 639 2242 693 si-

423 723 498 761 ne
548 709 773 765 ratione
822 710 1195 782 prodierant,
1245 713 1330 768 sic
1373 727 1588 770 temere
1649 715 1710 768 in
1759 730 1933 771 naves
1980 716 2242 791 refugere

416 798 738 859 coeperuut.
790 786 1051 863 Quorum
1100 790 1234 865 fuga
1257 791 1489 852 incitati
1527 791 1908 849 Alexandrini
1940 809 2011 848 ex
2051 798 2227 851 navi-—

418 864 521 925 bus
550 866 988 941 egrediebantur
1018 909 1039 943 ,
1066 884 1424 945 ⁴nostrosque
1452 873 1638 941 acrius
1671 872 2032 945 perturbatos
2076 874 2231 931 inse-

418 948 752 1019 quebantur.
804 946 983 1005 Simul
1042 950 1140 1023 qui
1188 950 1251 1007 in
1303 946 1539 1006 navibus
1587 952 1771 1025 longis
1819 966 2236 1029 remanserant,

406 1028 595 1081 scalas
640 1044 840 1099 rapere
870 1066 889 1099 ,
929 1045 1210 1105 navesque
1241 1047 1276 1085 a
1317 1043 1470 1087 terra
1512 1032 1784 1103 repellere
1828 1032 2232 1107 properabant,

414 1120 479 1161 ut
502 1108 694 1163 hostes
718 1106 951 1163 navibus
989 1109 1331 1180 potirentur.
1361 1108 1874 1183 Quibusomnibus
1895 1109 2058 1167 rebus
2089 1129 2232 1184 per·-

414 1185 630 1241 turbati
672 1186 887 1263 milites
918 1189 1100 1246 nostri
1145 1188 1473 1246 cohortium
1505 1190 1722 1261 trium,
1748 1206 1868 1264 quae
1914 1189 1976 1244 in
2029 1204 2231 1265 ponte,

409 1280 480 1320 ac
518 1267 713 1337 prima
764 1270 913 1341 mole
960 1268 1384 1342 constiterant,
1427 1286 1555 1326 cum
1607 1280 1736 1343 post
1799 1284 1860 1347 se
1917 1270 2230 1327 clamorem

409 1346 787 1419 exaudirent,
836 1346 1027 1421 fugam
1062 1364 1290 1419 suorum
1337 1349 1598 1404 viderent
1619 1362 1944 1423 ,magnam
1973 1348 2094 1403 vim
2129 1363 2234 1405 te·-

405 1426 594 1481 lorum
628 1425 854 1480 adversi
895 1426 1246 1489 sustine-rent
1264 1468 1287 1500 ,
1333 1428 1506 1484 veriti
1533 1467 1554 1500 ,
1581 1443 1652 1482 ne
1682 1426 1756 1483 ab
1790 1440 1952 1501 tergo
1980 1428 2230 1486 circum-

314 1560 324 1572 ]
406 1506 740 1561 venire-ntur
762 1543 784 1576 ,
829 1516 891 1561 et
919 1506 1139 1562 dicessu
1188 1507 1418 1563 navium
1457 1508 1692 1564 omnino
1729 1507 1918 1563 reditu
1949 1508 2230 1565 interclu-

404 1584 722 1656 derentur,
760 1584 1142 1651 munitionem
1192 1587 1255 1641 in
1299 1600 1530 1659 pontem
1587 1585 1920 1642 institutam
1981 1587 2232 1661 relique-

400 1679 577 1737 runt,
625 1675 686 1720 et
714 1680 921 1739 magno
950 1681 1117 1729 cursu
1162 1664 1398 1722 incitati
1441 1666 1514 1721 ad
1563 1681 1733 1720 naves
1781 1664 2223 1725 contenderunt.

399 1740 659 1818 Quorum
703 1739 830 1817 p'ars
892 1746 1179 1818 proximas
1228 1758 1400 1803 nacta
1447 1760 1660 1817 naves,
1708 1741 2068 1800 multitudine
2097 1742 2220 1801 ho-

396 1826 658 1894 minum,
702 1838 875 1896 atque
921 1838 1097 1881 onere
1124 1822 1392 1897 depressa
1419 1836 1507 1881 est
1540 1842 1555 1880 ε
1597 1840 1728 1896 pars
1779 1824 2044 1879 resistens
2073 1862 2095 1896 ‚
2152 1836 2220 1881 et

395 1901 706 1971 dubitans,
748 1902 884 1974 quid
944 1916 1093 1959 esset
1134 1904 1473 1982 capiendum
1531 1901 1800 1975 consilii,
1846 1902 1918 1957 ab
1947 1900 2218 1957 Alexan—

392 1983 577 2038 drinis
604 1980 913 2039 interfacta
942 1996 1068 2041 est:
1100 1986 1358 2040 nonnulli
1397 1984 1657 2040 feliciore
1702 1982 1862 2037 exitu
1912 1982 2214 2055 expeditas

388 2063 465 2117 ad
522 2062 831 2117 auc-horas.
860 2078 1035 2119 naves
1088 2064 1379 2121 consecuti
1437 2064 1746 2119 incolumes
1801 2061 2206 2121 discesserunt:

390 2142 565 2216 pauci·
594 2140 833 2197 allevati
870 2142 1089 2214 scurie,
1120 2156 1181 2199 et
1216 2144 1418 2199 animo
1468 2143 1540 2198 ad
1571 2138 1888 2197 conandum
1932 2139 2052 2195 nixi
2073 2179 2096 2214 ,
2130 2139 2212 2195 ad

272 2236 344 2277 οι
390 2224 653 2295 proxima
682 2218 916 2296 navigia
954 2220 1320 2294 adnatarunt.
1351 2219 1540 2279 Caesar
1559 2261 1582 2291 ,
1609 2218 1795 2295 quoad
1839 2220 2065 2291 potuit,
2095 2234 2210 2275 co-

383 2302 676 2359 hortando
718 2318 848 2357 suos
879 2302 952 2357 ad
1002 2314 1257 2358 montem
1284 2342 1306 2373 ,
1337 2318 1396 2359 et
1439 2301 1782 2356 munitiones
1835 2298 2208 2372 contendere,

382 2384 587 2439 eodem
616 2383 679 2437 in
720 2381 974 2453 periculo
1004 2394 1266 2438 versatus
1297 2395 1406 2443 est.
1445 2380 1755 2453 Postquam
1785 2378 2080 2433 universos
2107 2394 2208 2433 ce-

378 2463 519 2519 dere
559 2461 1014 2531 animadvertit,
1060 2461 1121 2515 in
1169 2478 1332 2521 suum
1375 2460 1663 2535 navigium
1693 2474 1754 2513 se
1788 2457 2024 2531 recepit.
2071 2454 2209 2533 Quo

379 2542 693 2599 multitudo
744 2540 1042 2596 hominum
1090 2535 1349 2597 insecuta
1398 2557 1526 2595 cum
1575 2540 1974 2611 irrumperet3
2021 2552 2208 2609 neque

377 2621 821 2679 administrandi
854 2661 873 2692 ,
904 2636 1082 2693 neque
1130 2620 1446 2694 repellendi
1475 2636 1510 2675 a
1551 2630 1708 2675 terra
1736 2615 1978 2673 facultas
2017 2616 2204 2670 dare-

378 2718 519 2774 tur,
566 2701 731 2772 fore,
758 2699 911 2773 quod
964 2698 1223 2770 accidit,
1272 2700 1630 2771 suspicatus,
1677 2712 1808 2753 sese.
1847 2712 1918 2751 ex
1963 2696 2200 2768 navigio

374 2783 545 2859 ejecit
570 2822 589 2854 ,
617 2795 791 2857 atque
818 2780 893 2835 ad
921 2779 1019 2836 eas
1042 2820 1064 2850 ,
1106 2796 1228 2853 quae
1267 2780 1493 2853 longius
1537 2776 1921 2835 constiterant
1951 2813 1971 2844 ,
2021 2790 2202 2832 naves

370 2862 695 2925 adnatavit.
744 2861 898 2915 Hinc
928 2860 1045 2919 suis
1081 2859 1474 2916 laborantibus
1501 2858 1756 2913 subsidio
1784 2854 2026 2929 scaphas
2055 2855 2202 2909 mit-

372 2958 501 3001 tens
531 2982 550 3011 ,
600 2942 900 2995 nonnullos
960 2939 1344 2997 conservavit.
1402 2938 1716 3011 Navigiurn
1779 2935 2009 3009 quidem
2077 2931 2202 3005 ejus

368 3020 741 3079 multitudine
761 3020 1087 3090 depressum
1121 3014 1372 3075 militum
1396 3058 1416 3088 ‚
1451 3028 1556 3074 una
1586 3032 1714 3075 curn
1749 3014 2071 3083 hominibus
2101 3014 2196 3067 in-

368 3103 555 3159 teriit.
604 3099 732 3155 Hoc
767 3099 957 3173 praelio
990 3098 1301 3155 desiderati
1337 3112 1479 3153 -sunt
1533 3114 1604 3151 ex
1643 3110 1880 3151 numero
1921 3094 2196 3167 legiona-

366 3178 586 3237 riorum
616 3181 869 3237 militum
900 3196 989 3251 en.
1013 3218 1033 3250 ,
1073 3191 1133 3233 et
1165 3180 1354 3249 paullo
1385 3180 1533 3232 ultra
1563 3192 1689 3230 eum
1725 3188 2018 3227 numerum
2042 3175 2196 3228 clas-

366 3264 532 3317 siarii
553 3301 575 3331 ,
612 3274 671 3315 et
729 3260 988 3330 remiges.
1032 3256 1411 3313 Alexandrini
1462 3272 1534 3313 eo
1565 3259 1694 3311 loco
1729 3254 2023 3309 castellum
2064 3268 2194 3311 ma·

324 3344 333 3349 ’
364 3342 495 3415 gnis
526 3332 942 3397 munitioni-bus
960 3377 983 3412 ,
1004 3338 1310 3417 multisque
1343 3337 1644 3403 tormentis
1677 3331 2190 3405 confirmaverunt,
