2459 3834
445 134 604 212 490
760 161 765 165 -
947 132 1050 187 DE
1099 126 1345 188 narso
1396 123 1795 192 Anniano
1946 195 1955 207 ,

400 214 405 217 ’
445 232 708 293 gressus:
759 213 1146 288 expediteque
1194 216 1456 273 exercitu
1475 256 1499 291 ‚
1530 234 1769 277 numero
1816 232 2116 283 servorum
2140 260 2164 295 ,
2204 222 2295 281 li-

443 298 824 369 berorumque
857 312 951 350 11.
985 296 1231 352 millium
1255 336 1276 369 ,
1304 294 1461 372 cujus
1504 310 1731 372 partem
1780 301 2063 361 inermem
2088 342 2113 375 ,
2157 321 2298 377 par·

435 389 567 449 'tem
617 389 900 432 armatam
951 374 1228 433 habuerat
1252 415 1272 449 ,
1320 378 1378 422 ³⁵
1428 380 1499 435 ad
1529 381 1808 453 oppidum
1846 382 2136 441 Ascurum
2181 401 2301 441 ac-

441 460 647 519 cedere
685 457 908 529 coepit:
960 458 1021 513 in
1075 474 1188 531 quo
1240 458 1455 532 oppido
1508 462 1835 535 praesidium
1884 463 1997 520 fuit
2042 464 2302 540 regium,

440 538 718 612 Pompejo
767 538 1156 611 adveniente,
1193 540 1471 611 oppidani
1505 538 1563 586 ³⁶
1596 560 1773 618 usque
1817 560 1889 601 eo
1939 546 2095 618 passi
2144 561 2305 619 pro-

441 621 569 695 pius
597 637 726 675 eum
758 620 1035 675 accedere
1059 658 1080 690 ,
1128 619 1313 676 donec
1342 620 1426 677 ¹ad
1468 620 1625 697 ipsas
1672 635 1915 698 portas,
1947 642 2016 681 ac
2058 643 2301 689 murum

437 701 932 774 appropinquaret
954 740 974 771 ,
1003 700 1196 757 subito
1225 702 1529 775 eruptione
1556 703 1735 777 facta,
1764 718 2125 779 prostratos,
2150 725 2303 779 per-

437 782 794 855 territosque
825 780 1202 855 Pompejanos
1234 781 1295 837 in
1322 800 1485 840 mare
1532 786 2084 860 passim‚navesque
2116 803 2303 844 com-

437 864 728 933 pulerunt.
779 862 872 917 Ita
925 878 990 917 re
1021 864 1171 919 male
1212 874 1378 937 gesta
1418 861 1529 923 Cn.
1573 864 1879 941 Pompejus
1930 866 2303 941 filiusnaves

437 940 577 999 inde
635 943 853 999 avertit
879 981 901 1014 ,
949 959 1133 1019 neque
1193 957 1397 1016 postea
1453 946 1593 1003 litus
1622 948 1828 1025 attigit
1862 986 1887 1023 ‚
1934 951 2303 1023 classemque

439 1024 504 1069 ³⁷
533 1026 609 1081 ad
633 1024 848 1081 insulas
877 1024 1148 1082 Baleares
1177 1038 1379 1082 versus
1408 1028 1730 1085 convertit.
2046 1047 2056 1052 ⁴

478 1214 547 1265 33⁰
577 1206 653 1252 Aa
675 1206 896 1263 oppidum
918 1202 1198 1256 Ascurum.)
1222 1206 1337 1252 Ma·
1398 1212 1553 1266 runt,
1575 1204 1687 1255 ausi
1710 1212 1845 1255 sunt.

440 1268 680 1318 ritimum
709 1266 958 1327 oppidum
983 1266 1335 1337 Mauritania
1434 1282 1501 1329 37
1534 1272 1815 1319 Adimam-r
1828 1273 2307 1329 Baleares-verm.)

440 1345 558 1394 quae
585 1332 678 1381 sub
704 1331 911 1393 Bogude
939 1340 1080 1390 erat,
1105 1343 1210 1389 esus
1240 1344 1339 1381 ve-
1398 1336 1541 1393 saepe
1564 1332 1683 1381 boni
1712 1335 1985 1395 scriptores
2006 1336 2087 1392 τῷ
2104 1351 2302 1384 versu-r

439 1408 500 1445 ro
515 1399 652 1445 nulla
665 1404 833 1446 exstat
847 1396 986 1455 apud
996 1392 1333 1457 Geographos
1400 1397 1819 1457 praepositionem
1834 1398 2047 1446 addunt.
2063 1400 2244 1447 Caesar
2258 1402 2301 1449 1.

439 1460 652 1509 mentio.
667 1464 845 1520 Neque
861 1458 1002 1509 enim
1023 1469 1099 1507 est
1114 1464 1335 1507 Rusucu-
1399 1474 1477 1509 x1.
1498 1462 1562 1507 ad
1582 1466 1829 1511 occeanum
1856 1478 2049 1509 versus.
2080 1465 2145 1509 Et
2176 1463 2303 1510 libr.

439 1528 564 1572 rium
593 1524 748 1573 Plinii
788 1537 919 1571 vers.
947 1535 996 1571 2.
1045 1524 1325 1584 Ρουσκοραῑ
1390 1536 1496 1573 xn-
1528 1528 1575 1573 8.
1596 1533 1733 1573 extr.
1758 1536 1919 1574 movet
1956 1527 2005 1572 in
2032 1534 2302 1575 Arverno-r

439 1588 708 1637 Ptole-maei
725 1622 740 1647 ‚
769 1594 826 1635 ut
847 1587 1060 1648 quidam
1085 1586 1329 1635 credide-
1390 1602 1587 1637 versus.
1619 1590 1855 1641 Baleares
1886 1588 2067 1636 iusulae
2096 1588 2304 1649 Hispa-

439 1652 732 1713 runtsquia
756 1649 852 1699 hoc
882 1652 933 1699 in
957 1648 1144 1701 Bolcchi
1172 1663 1327 1713 regno
1394 1650 1493 1699 nici
1526 1654 1685 1703 maris
1709 1686 1724 1710 ‚
1750 1665 1971 1715 quarum
1993 1654 2292 1701 excelentes

439 1722 553 1764 erat
578 1751 592 1774 ‚
622 1716 786 1777 longe
800 1716 1070 1765 reductum
1093 1728 1122 1763 a
1143 1714 1331 1764 finibus
1396 1717 1544 1764 erant
1565 1714 1875 1774 funditoreS,
1892 1722 2059 1763 Caesav·
2076 1722 2136 1762 B.
2153 1720 2297 1763 Gall.

439 1779 766 1839 Bogudianis.
1398 1778 1515 1828 libr.
1538 1791 1587 1827 2.
1612 1792 1723 1840 cap.
1750 1792 1798 1839 3.
1819 1788 1942 1827 sect·
1965 1790 2014 1838 7.
2036 1778 2299 1830 obiacent

507 1843 578 1903 36
639 1850 791 1904 Usque
811 1841 1056 1902 capessi.)
1077 1840 1337 1893 Sustinue-
1398 1842 1545 1893 litori
1572 1842 1953 1893 Tarraconensi.

931 2042 942 2047 -
1025 1950 1377 2043 cAPu'T
1458 1985 1691 2043 v111.

437 2143 646 2223 Scipio
665 2163 730 2206 se
742 2164 866 2205 cum
883 2145 1151 2221 Petreio,
1170 2158 1234 2206 et
1256 2147 1519 2205 Labieno
1530 2146 1862 2227 conjungit.
1876 2144 2136 2211 Cesarea·
2154 2166 2285 2209 ma·-

671 2246 798 2311 gna
811 2244 1011 2307 ‚rerum
1031 2231 1489 2288 necessariarum
1511 2228 1709 2303 inopia
1731 2228 2024 2288 laborant.

319 2420 400 2481 ²4
521 2329 762 2465 Scipio
813 2391 1050 2450 interim
1099 2407 1229 2447 cum
1281 2390 1356 2447 iis
1404 2390 1634 2465 copiis,
1696 2407 1836 2465 quas
1891 2392 2082 2464 paullo
2138 2406 2284 2451 ante

436 2470 998 2545 demonstravimus,
1040 2470 1226 2527 Uticae
1266 2471 1473 2544 grandi
1530 2469 1795 2544 praesidio
1842 2473 2091 2545 relicto,
2137 2492 2282 2547 pro·-

431 2550 659 2624 fectus‚
729 2555 977 2627 primum
1037 2550 1352 2607 Adrumeti
1402 2563 1595 2608 castra
1644 2552 1843 2625 ponit:
1914 2552 2127 2610 deinde
2187 2554 2280 2612 ibi

433 2646 647 2705 paucos
675 2633 799 2690 dies
821 2644 1256 2701 commoratus,
1303 2646 1477 2687 noctu
1506 2631 1723 2687 itinere
1751 2630 1911 2689 facto
1932 2672 1952 2705 ‚
1992 2636 2121 2689 cum
2164 2633 2283 2691 Pe-

433 2712 700 2787 treji‚et
749 2714 994 2770 Labieni
1043 2712 1232 2783 copiis
1272 2728 1333 2768 se
1382 2710 1719 2785 conjungit:
1762 2724 1941 2787 atque
1994 2716 2142 2771 unis·
2170 2731 2288 2771 ca..

433 2797 577 2851 stris
600 2795 771 2851 factis
793 2835 811 2867 ,
868 2810 997 2849 111.
1034 2793 1219 2846 millia
1252 2808 1485 2864 pasuutn
1516 2796 1687 2867 longe
1727 2793 2053 2849 considunt.
2082 2794 2289 2868 Equi·

421 2866 594 2932 'tatus
621 2876 858 2939 interim
889 2890 1086 2930 eorum
1129 2872 1349 2927 circum
1394 2870 1640 2928 Caesaris
1670 2874 2017 2929 munitiones
2046 2876 2283 2949 vagari,

435 2968 628 3031 atque.
657 2973 796 3027 eos,
844 2954 942 3029 qui
1000 2952 1357 3027 pabulandi,
1420 2964 1519 3007 aut
1570 2953 1815 3027 aquandi
1870 2953 2059 3029 gratia
2108 2966 2287 3012 extra

437 3040 653 3095 vallum
708 3034 995 3110 progressi
1043 3042 1284 3104 essent‚'
1325 3032 1631 3105 excipere,
1684 3048 1743 3091 et
1788 3034 1874 3090 ita
1915 3051 2109 3090 omnes
2159 3034 2285 3092 ad·-

439 3116 728 3173 versarios
768 3118 922 3177 intra
966 3114 1374 3171 munitionem·
1401 3114 1720 3169 continere.
1764 3113 1960 3187 Quare
1997 3109 2291 3171 Caesaria-

443 3198 507 3251 ni
555 3196 721 3272 gravi
769 3212 992 3252 annona
1031 3207 1164 3252 sunt
1223 3192 1591 3265 conflictati,
1634 3194 1765 3249 ideo
1824 3196 1977 3268 quod
2029 3196 2297 3267 nonnum,

441 3294 626 3350 neque
653 3276 724 3333 ab
756 3274 958 3334 Sicilia
979 3315 996 3345 ,
1029 3289 1211 3347 neque
1235 3272 1309 3328 ab
1340 3271 1610 3331 Sardinia
1636 3288 1990 3330 commeatus
2028 3293 2287 3349 suppor-

443 3367 596 3415 tatus
627 3368 794 3429 erat,
836 3372 1018 3429 neque
1047 3370 1150 3429 per
1181 3354 1319 3411 anni
1367 3365 1593 3438 tempus
1640 3353 1704 3412 in
1745 3354 1895 3411 mari
1936 3358 2149 3413 classes
2191 3354 2289 3417 si·-
