2459 3834
450 74 599 145 242
986 72 1089 127 DE
1136 72 1380 127 BELLO
1415 68 1744 125 Gatuco
1847 96 1852 101 ·

447 152 637 211 fuerat
668 156 727 213 in
758 154 1011 212 hibernis
1036 194 1055 225 ,
1084 156 1142 197 ¹³
1172 156 1231 209 in
1256 152 1538 229 Togatam
1562 148 1818 207 Galliam
1847 148 2037 209 mittit
2057 152 2126 209 αὖ
2149 168 2252 211 eo-

447 234 633 291 lonias
654 236 1268 291 civiumRomanorum
1295 232 1563 301 tuendas3
1585 247 1654 286 ne
1675 232 1821 305 quod
1842 232 2031 287 simi‘e
2051 234 2252 291 incom-

347 368 357 389 Χ
446 315 677 371 modum
700 316 962 372 accidere
981 313 1052 367 de
1074 312 1396 370 incursione
1417 312 1882 381 barbarorum‚ac
1893 314 2175 383 superiore
2191 334 2252 370 τ.

446 405 601 449 state
624 398 687 439 ¹4
705 394 1061 469 Tergestinis
1082 393 1425 465 accidisset,
1446 392 1580 466 quin
1611 390 1914 461 repentino
1939 392 2248 466 latrocinio,

411 485 615 545 latque
638 474 855 547 impetu
877 474 1072 529 incolae
1098 472 1323 529 illorum
1355 486 1520 527 erant
1551 468 1967 543 oppressi.1pse
1989 473 2056 525 ad
2089 474 2250 529 deva-

445 554 701 623 standos,
749 552 1279 626 depopulandosque
1311 550 1450 609 fines
1471 549 1826 623 Ambiorigis
1857 549 2248 621 proficiscitur:

442 646 609 703 quem
642 632 1007 705 pet-territum
1030 672 1048 703 ,
1078 645 1246 706 atque
1277 631 1590 707 fugientem
1619 646 1750 685 cum
1779 630 1962 703 redigi
2001 647 2154 703 posse
2189 634 2248 689 iu

441 723 597 764 suam
626 722 965 783 potestatem
991 710 1366 784 desperasset,
1395 710 1710 784 proximum
1736 726 1843 764 suae
1874 711 2249 783 dignitaties-

438 804 501 843 se
530 791 805 863 ducebat,
835 792 977 847 adeo
1002 788 1140 847 fines
1170 790 1285 865 ejus
1309 804 1536 847 vastare
1559 788 1804 859 civibus,
1827 788 2112 860 aediliciis,
2147 809 2246 862 pe..

439 882 591 937 core,
619 884 679 925 ut
708 871 841 927 odio
877 888 1103 927 suorum
1145 869 1478 941 Ambiorix,
1509 867 1558 926 si
1591 884 1729 941 quos
1761 867 1985 924 fortuna
2027 869 2245 929 fecisset

441 948 720 1021 reliquos,
753 954 961 1005 nullum
995 950 1240 1005 reditum
1277 962 1510 1023 propter
1543 960 1734 1003 tantas
1765 950 2122 1005 calamitates
2151 950 2248 1007 ha-

319 1025 393 1085 25
440 1024 598 1082 beret
625 1030 681 1084 in
713 1031 1027 1085 civitatem.
1062 1028 1203 1085 Cum
1237 1031 1296 1085 in
1321 1044 1517 1087 omnes
1551 1038 1738 1099 partes
1781 1025 1978 1083 finium
2005 1030 2244 1087 Ambio-

434 1106 576 1179 rigis
597 1122 694 1163 aut
718 1109 971 1183 legiones
986 1150 1002 1180 ,
1022 1124 1121 1165 aut
1149 1110 1360 1165 auxilia
1387 1108 1724 1177 dimisisset,
1742 1119 1910 1181 atque
1932 1110 2125 1163 omnia
2145 1126 2244 1165 cae.

430 1183 616 1257 dibus,
640 1190 949 1261 incendiis,
978 1190 1159 1245 ruinis
1196 1201 1473 1245 vastasset
1499 1208 1520 1259 .·,
1549 1202 1758 1261 magno
1788 1204 2020 1243 numero
2051 1188 2245 1245 ho‘ni-

427 1281 561 1319 num
594 1267 902 1325 interfecto
924 1307 944 1340 ,
966 1281 1063 1324 aut
1085 1282 1259 1341 capto
1284 1308 1302 1337 ,
1325 1268 1636 1323 Labienum
1669 1283 1792 1321 cum
1818 1284 1904 1321 11.
1933 1268 2244 1343 legionibus

428 1342 488 1397 in
501 1344 773 1404 Treviros
806 1350 1015 1419 mittit,
1044 1366 1279 1423 quorum
1309 1349 1537 1419 civitas,
1563 1358 1794 1419 propter
1813 1342 2138 1402 Germaniae
2159 1350 2244 1405 vi-

426 1424 729 1481 cinitatem
754 1426 777 1499 ,‘
802 1429 1153 1503 quotidianis
1172 1430 1487 1485 exercitata
1509 1427 1694 1497 bellis,
1716 1428 1906 1498 cultu,
1925 1439 1984 1481 et
2014 1427 2250 1487 feritate

429 1498 541 1558 non'
572 1510 809 1561 multum
838 1524 873 1562 a
903 1505 1207 1563 Germanis
1237 1506 1578 1563 differebat:
1607 1505 2100 1579 neque·imperata
2127 1527 2243 1564 un·-

304 1584 386 1638 26
426 1598 593 1654 qnam
618 1624 634 1654 ,
668 1587 775 1642 nisi
809 1588 1061 1643 exet-citu
1092 1601 1294 1643 coacta
1315 1629 1332 1659 ,
1362 1586 1629 1643 faciebat.
1678 1585 1920 1639 Interim
1963 1586 2032 1642 C.
2057 1586 2250 1644 Cani-

418 1662 547 1717 nius
580 1667 797 1737 legatus
819 1704 839 1737 ,
880 1668 1014 1720 cum*
1040 1685 1299 1741 magnam
1325 1665 1748 1725 multitudinem
1781 1668 2114 1725 convenisse
2137 1668 2250 1726 ho·-

416 1742 591 1797 stium
622 1747 675 1787 ¹⁵
710 1747 768 1799 in
800 1744 939 1799 fines
963 1744 1305 1819 Pictonum,
1337 1747 1522 1801 literis
1545 1745 1869 1817 nuntiisque
1891 1744 2131 1802 Duracii
2155 1764 2244 1806 co-

412 1823 737 1895 gnovisset,
767 1826 864 1899 qui
898 1841 1171 1898 perpetuo
1201 1824 1258 1881 in
1283 1826 1543 1882 amicitia
1563 1824 1950 1881 Romanorum
1978 1832 2244 1897 perman-‘-

412 1912 590 1970 ser-at,
612 1918 737 1958 cum
766 1921 891 1975 pars
916 1906 1165 1977 quaedam
1187 1905 1448 1961 civitatis
1471 1904 1584 1979 ejus
1607 1903 1932 1975 defecisset,
1949 1901 2005 1940 ¹⁶
2039 1908 2110 1961 ad
2145 1926 2240 1983 op·

411 1978 610 2049 pidum
634 1982 935 2039 Limonum
968 1980 1284 2041 contendit.
1329 1984 1460 2059 Quo
1499 2000 1627 2039 cum
1657 1984 1996 2039 adventaret
2017 2026 2037 2055 ,
2065 2000 2244 2063 atque

410 2073 484 2111 ex
506 2062 752 2131 captivis
782 2063 993 2119 certius
1018 2065 1620 2139 cognosceret,multis
1643 2064 1937 2119 hominum
1963 2062 2246 2141 millibus,

407 2130 710 2201 Dumnaco
732 2142 872 2197 duce
892 2141 1163 2215 Andium,
1186 2142 1500 2223 Duracium
1525 2146 1796 2213 clausum,
1809 2142 2110 2200 Limonum
2133 2164 2244 2221 op-

404 2221 673 2291 pugnari3
690 2239 866 2296 neque
897 2220 1152 2280 infirmas
1184 2226 1436 2299 legiones
1461 2224 1718 2279 hostibus
1741 2224 2108 2281 committere
2131 2245 2244 2283 au·
2319 2278 2328 2287 .

403 2296 600 2355 deret:
633 2316 821 2356 castra
850 2304 1068 2359 munito
1092 2308 1215 2361 loco
1249 2304 1456 2376 posuit.
1479 2302 1842 2372 Dumnacus,
1861 2306 1988 2358 cuin
2009 2320 2244 2377 appro-

402 2376 680 2450 pinquare
701 2379 1007 2437 Caninium
1035 2386 1426 2459 cognovisset,
1447 2383 1638 2455 copiis·
1659 2383 1920 2439 omnibus
1951 2385 2022 2437 ad
2049 2386 2248 2459 legio-

398 2470 502 2511 nes
531 2462 859 2534 conversis,
899 2476 1091 2518 castra
1137 2466 1528 2521 Romanorum
1567 2478 1898 2537 oppugnare
1947 2464 2241 2526 instituit.

463 2645 525 2697 13
563 2642 626 2686 In·
634 2642 867 2701 Togatam
878 2644 1126 2699 Galliam.)
1150 2646 1276 2705 Quae
1339 2657 1426 2693 nes
1449 2644 1663 2705 populus
1688 2644 1978 2709 Aquitania·
1997 2646 2238 2703 adiectus

391 2703 567 2759 paullo
586 2714 703 2751 ante
728 2720 837 2765 cap.
852 2719 897 2766 7.
922 2714 1041 2755 sect.
1071 2714 1151 2767 23.
1184 2710 1276 2755 (ΣΙ-
1307 2718 1314 2725 ·
1340 2722 1497 2769 prope
1514 2707 1905 2767 siges-imvm
1923 2711 2246 2761 illorumLi-

390 2765 551 2814 terior
578 2767 715 2815 dicta
746 2768 879 2829 suit,
917 2784 945 2819 a
984 2780 1117 2831 togae
1160 2785 1270 2830 usu,
1332 2771 1787 2828 neonumAiptovcv
1809 2774 2243 2833 Ptolomaei,me-

386 2836 600 2886 propter
646 2831 919 2881 civitatem
960 2846 1272 2894 concessam,
1331 2834 1416 2883 dia
1443 2844 1594 2883 aetate
1615 2834 1934 2895 Pictavium,
1957 2838 2234 2890 Pictavuse

385 2890 573 2947 Togata
598 2892 751 2941 dicta.
1336 2910 1464 2946 nunc
1483 2900 1732 2953 Poictiers.

292 3016 297 3021 ⁸
450 2964 519 3012 14
605 2958 915 3015 Tergestinis.
942 2960 963 3011 )
1020 2962 1278 3021 Tergeste,
1405 2962 1467 3008 16
1531 2964 1609 3007 Ad
1652 2962 1870 3019 oppdum
1889 2962 1894 2969 ’
1911 2965 2180 3014 Limonum.
2207 2964 2236 3019 >

380 3014 715 3086 ρειτοὶοοπυητ
744 3022 991 3079 oppidum
1020 3057 1034 3080 ‚
1069 3026 1133 3069 ad
1158 3028 1269 3071 Ha-
1331 3026 1448 3081 Jam
1469 3024 1664 3071 dictum
1683 3032 1772 3073 est.
1793 3026 1960 3084 Cbput
1989 3026 2134 3074 enim
2158 3041 2240 3077 es-

380 3076 656 3146 drtaticum
676 3084 853 3141 muer,
881 3086 1139 3145 quondam
1166 3091 1267 3134 lta·-
1331 3098 1384 3133 se
1401 3087 1662 3133 Pictonum
1691 3120 1708 3145 ,
1731 3100 1792 3135 ex
1819 3092 2084 3149 magnone-
2115 3094 2241 3139 Va·-

378 3138 462 3206 lsag
488 3140 635 3200 finis,
663 3155 936 3207 antequam
964 3161 1085 3209 pars
1110 3152 1272 3199 lstriae
1332 3150 1484 3197 lesius
1510 3150 1880 3200 demonstravit
1905 3184 1920 3211 ‚
1955 3154 2045 3215 qui
2074 3155 2236 3203 Notis

377 3202 570 3257 adjecta
602 3206 718 3253 fuit.
922 3224 925 3226 “
1333 3214 1468 3273 Juris
1513 3216 1578 3261 ad
1609 3216 1846 3261 Carolum
1891 3210 1964 3263 M.
1992 3216 2244 3279 scripsit,

408 3282 429 3319 t·
446 3274 513 3323 15
576 3274 636 3315 1η
648 3273 779 3321 mes
790 3273 1082 3331 Pictonum.)
1100 3274 1269 3325 Picto-
1297 3302 1306 3309 ·
1333 3279 1572 3327 Pictavus
1599 3282 1863 3327 Lemonum.
1925 3282 1929 3285 “
