2459 3834
903 131 1256 189 mnu
1318 102 1426 189 1..‘
1523 144 1533 151 ·
1947 132 2069 194 ιι·

209 214 453 275 virtutis
470 214 897 288 Helvetiorum,
916 214 1066 290 quod
1101 213 1416 287 improviso
1446 228 1615 269 unum
1638 226 1844 288 pagum
1871 210 2045 270 ador·

213 310 309 354 tus
329 312 478 353 esset
499 338 520 369 ‚
550 314 680 353 eum
712 297 754 350 ii
785 336 805 367 ,
831 296 930 371 qui
961 294 1170 354 flumen
1213 294 1552 351 transissent
1576 333 1597 366 ,
1636 295 1749 349 suis
1770 293 2044 349 auxilinm

217 377 370 435 ferre
421 392 536 433 non
571 389 842 449 possent,
871 392 943 433 ne
981 376 1055 433 ob
1102 390 1230 429 eam
1262 380 1381 430 re'm
1440 386 1538 429 aut
1577 390 1685 431 suae
1724 389 2047 447 magnope-

216 474 283 513 re
309 456 524 514 virtuti
564 456 844 513 tribueret
874 494 898 527 ,
923 468 1022 513 aut
1057 453 1212 527 ipsos
1260 454 1626 528 despiceret;
1667 470 1727 509 se
1756 452 1840 510 ita
1869 468 1903 509 a
1948 468 2048 527 ps·

213 537 449 608 tribus,
501 535 918 611 maJoribusque
967 536 1086 591 suis
1132 534 1409 591 didicisse
1436 572 1457 605 ,
1496 546 1557 589 ut
1607 533 1790 608 magis
1847 533 2049 589 virtu-

212 628 280 673 te
313 655 335 687 ,
381 632 548 691 quam
577 616 712 671 dolo
761 616 1175 672 contenderent
1205 655 1225 687 ‚
1276 626 1376 671 aut
1432 612 1660 671 insidiis
1707 613 2052 686 niterentur,

219 712 400 771 quare
425 713 498 753 ne
533 696 932 753 committeret
950 734 972 767 ,
998 708 1060 751 ut
1089 694 1140 751 is
1169 697 1325 751 loeus
1346 732 1366 766 ‚
1395 692 1493 749 ubi
1521 692 1916 751 constitissent
1936 730 1959 764 ,
1978 708 2052 751 ex
2144 754 2155 762 ,

221 772 718 847 calamitate'pop.
747 775 916 832 Rom.
959 788 1019 831 et
1060 774 1457 831 internecione
1505 772 1791 829 exercitus
1842 788 2053 831 nomen

217 867 502 929 caperet,
538 868 640 911 ant
688 856 746 899 33
803 854 1140 912 memoriam
1182 854 1471 926 proderet.
1525 844 1689 907 “His
1733 849 1923 909 Caesar
1964 853 2051 910 ita

218 935 566 1009 respondit:
596 974 638 1009 ,‚
687 932 778 990 Eo
805 934 918 991 sibi
948 936 1134 991 minus
1152 926 1532 991 dubitationis
1562 932 1689 991 dari
1711 932 1906 1007 ‚lquod
1948 948 2046 991 eas

221 1032 318 1073 res
342 1054 364 1086 ,
388 1032 528 1091 ques
555 1015 735 1089 legati
767 1014 1025 1071 Helvetii
1053 1025 1595 1072 commemorassent
1614 1052 1635 1085 ,
1655 1013 1931 1069 memoria
1963 1026 2055 1071 te-

221 1106 394 1151 neret
413 1134 436 1167 ,
463 1107 636 1169 atque
664 1110 734 1150 eo
763 1095 995 1169 gravius
1025 1094 1178 1165 ferre
1199 1134 1218 1166 ,
1247 1111 1360 1168 quo
1390 1094 1575 1149 minus
1608 1093 1821 1149 merito
1854 1096 2067 1167 populi·

223 1170 478 1231 Romani
508 1174 881 1231 accidissent:
907 1175 1002 1247 qui
1019 1212 1041 1246 ,
1072 1176 1122 1230 si
1154 1174 1388 1248 alicujus
1420 1171 1637 1247 injuriae
1658 1172 1769 1228 sibi
1792 1174 2054 1249 conscius

222 1252 454 1326 fuisset,
475 1270 586 1311 non
607 1253 809 1311 fuisset
831 1252 1074 1311 difficile
1093 1270 1327 1311 cavere:
1346 1254 1445 1309 sed
1471 1269 1541 1309 eo
1562 1253 1884 1325 deceptum,
1899 1253 2055 1326 quod

218 1350 406 1407 neque
424 1334 790 1392 commissum
809 1348 845 1389 a
873 1350 936 1389 se
966 1334 1345 1409 intelligeret,
1362 1348 1535 1405 quare
1563 1332 1799 1389 timeret
1819 1371 1838 1403 ,
1868 1349 2053 1405 neque

219 1412 348 1469 sine
379 1430 546 1469 causa
579 1413 894 1469 timendum
937 1426 1184 1487 putaret.
1213 1412 1383 1487 Quod
1416 1412 1466 1467 si
1498 1411 1716 1469 veteris
1742 1424 2065 1468 contume-

222 1493 320 1548 lia
361 1494 628 1549 oblivisci
673 1496 892 1566 vellet,
921 1510 1056 1549 num
1096 1495 1277 1550 etiam
1333 1492 1651 1549 recentium
1694 1490 2065 1565 injuriarum,-

223 1572 377 1647 quod
399 1613 420 1645 ,
445 1590 518 1630 eo
544 1574 734 1633 invito
757 1614 776 1646 ,
807 1574 924 1630 iter
965 1581 1064 1648 per
1083 1572 1455 1648 'provinciam
1500 1588 1598 1647 per
1648 1572 1769 1628 vim
1822 1584 2065 1630 tentas-⁴

224 1664 398 1724 sent,
427 1654 576 1727 quod
615 1653 834 1713 AEduos
853 1694 873 1725 ,
919 1654 1070 1729 quod
1120 1652 1474 1723 Ambarros,
1532 1653 1680 1725 quod
1713 1651 2051 1728 Allobroges

223 1746 530 1789 vexassent
551 1773 572 1806 ‚
593 1736 927 1791 memoriam
967 1734 1254 1807 deponere
1284 1727 1503 1807 posset?
1543 1732 1691 1807 quod
1719 1749 1817 1787 sua
1848 1734 2053 1789 victo-

224 1811 322 1867 ria
349 1824 468 1869 tam
509 1814 822 1871 insolenter
849 1814 1238 1888 gloriarentur
1257 1852 1278 1884 ,
1306 1812 1564 1887 quodque
1596 1829 1656 1869 se
1692 1824 1809 1875 tam
1849 1812 2063 1885 impu-st

225 1907 304 1946 ne
361 1893 558 1949 tulisse
604 1892 841 1967 injurias
889 1893 1311 1961 admirarentur
1334 1932 1355 1964 ,
1391 1892 1621 1947 eodem*
1653 1892 1961 1965 pertinere.
1988 1895 2051 1938 34

227 1968 546 2028 Consuesse
576 1974 730 2027 enim
760 1972 898 2031 deos
934 1974 1287 2029 immortales
1308 2011 1327 2044 ,
1358 1988 1469 2046 quo
1509 1972 1740 2046 gravius
1788 1972 2052 2031 homines

228 2066 307 2106 ex
333 2052 782 2109 commutatione
811 2069 1000 2109 rerum
1018 2054 1285 2125 doleant,
1312 2067 1453 2125 quos
1484 2066 1587 2124 pro
1615 2055 1829 2108 scelere
1853 2069 2053 2115 eorum

227 2130 430 2187 ulcisci
461 2132 682 2204 velint,
714 2132 807 2189 his
835 2132 1198 2189 secundiores
1242 2130 1529 2209 interdum
1571 2148 1657 2187 res
1677 2172 1696 2201 ,
1725 2143 1786 2187 et
1816 2132 2053 2188 diutur-

228 2209 454 2266 niorem
484 2213 889 2285 impunitatem
919 2214 1253 2269 concedere.
1283 2208 1429 2267 Cum
1458 2227 1526 2267 ea
1556 2204 1641 2267 ita‘
1669 2212 1788 2267 sint
1812 2250 1833 2283 ,
1862 2225 2055 2271 tamen

226 2290 282 2345 si
310 2290 536 2349 obsides
583 2291 654 2347 ab
705 2291 780 2348 iis
825 2292 936 2349 sibi
971 2293 1176 2349 dentur
1197 2333 1218 2365 ,
1248 2292 1333 2363 uti
1358 2308 1459 2362 ea,
1488 2306 1608 2365 quae
1652 2292 2055 2366 polliceantur,

226 2368 488 2429 facturos
517 2370 811 2447 intelligat
833 2412 853 2444 ,
879 2383 944 2430 et
981 2373 1032 2431 si
1065 2372 1273 2429 AEduis
1302 2372 1377 2427 de
1402 2370 1662 2441 in’uriis,
1696 2386 1836 2445 quas
1889 2372 2059 2447 ipsis,

225 2450 512 2524 sociisque
537 2468 738 2509 eorum
767 2451 1069 2517 intulerint
1087 2491 1110 2525 ,
1139 2452 1281 2509 item
1312 2451 1361 2507 si
1389 2389 1790 2527 Allobrogibus
1818 2452 2057 2511 satisfa-

223 2528 389 2585 ciant
411 2570 430 2601 ,
457 2548 578 2587 sese
607 2548 736 2587 cum
771 2532 844 2588 iis
875 2548 1072 2605 pacem
1111 2547 1232 2589 esse
1284 2530 1585 2587 facturum.
1632 2530 1905 2590 “Divico
1948 2548 2057 2592 re·-

229 2610 483 2681 spondit.
501 2650 544 2683 „
580 2610 672 2667 Ita
691 2612 994 2669 Helvetios
1025 2629 1069 2675 ,a
1099 2611 1405 2686 majoribus
1432 2610 1549 2667 suis
1578 2612 1880 2671 institutos
1910 2629 2056 2686 esse,

230 2689 322 2743 uti
343 2690 570 2746 obsides
585 2690 869 2763 accipere,
903 2708 1013 2748 non
1039 2693 1178 2747 dare
1206 2691 1626 2749 consueverint:
1658 2690 1775 2767 ejus
1803 2691 1885 2746 rei
1920 2708 2055 2767 pop.

232 2765 404 2827 Rom.
447 2786 571 2827 esse
599 2782 826 2831 testem.
863 2772 1333 2854 “Hoc‘responso
1362 2770 1531 2843 dato,
1552 2771 1835 2829 discessit.
1852 2810 1899 2844 „

232 2941 442 3041 ῒτιιξῗη
457 2932 1146 3067 ἔξιείΐῖιῖιαίἵοῑίοριινὲῗῖἔέᾗίἴ
1185 2945 1320 3050 tes&
1334 2936 1639 3055 Idceffgggs:
1656 2938 2062 3059 ffgffi'wztiss

231 3054 416 3103 citant.
450 3058 530 3105 Sic
563 3064 616 3105 et
637 3055 830 3106 Gellius
862 3068 906 3106 1.
941 3068 1022 3107 10.
1065 3066 1124 3118 In
1185 3062 1325 3108 Max.
1348 3069 1395 3107 1.
1416 3070 1461 3107 c.
1486 3068 1532 3106 ι.
1552 3056 1712 3109 dixit:
1735 3064 1883 3111 Lento
1900 3062 2065 3120 gradu

231 3120 448 3179 antiquis
465 3122 716 3169 annalibus
736 3124 956 3171 memoria
977 3136 1126 3181 super
1169 3124 1251 3171 ‘ad
1276 3124 1535 3175 vindictam
1560 3127 1649 3175 anci
1687 3124 1913 3175 divm-
1938 3128 2067 3176 ium

238 3182 382 3239 libris
391 3186 640 3245 symaions
653 3188 749 3237 bne
761 3182 1072 3249 prodimur.
1182 3186 1454 3252 nondun.
