2459 3834
785 50 941 104 nn.
995 52 1072 101 A.
1125 51 1399 105 nm'rn.
1840 47 1993 128 493

105 139 572 206 ventorumque
598 171 619 205 ,
674 133 962 188 exercitus
1002 130 1115 187 sibi
1156 148 1329 206 quam
1358 128 1666 186 celerrime
1694 132 1997 204 trans'por-

111 220 379 267 taretur
411 227 427 267 z
468 212 734 269 Africam
765 212 1124 288 provinciam
1169 213 1402 285 perire,
1432 211 1799 285 funditusque
1826 228 1997 267 ever-

116 290 180 344 ti
217 306 262 345 a
297 290 416 346 suis
441 292 740 351 inimicis:
773 294 925 369 quod
976 294 1090 349 nisi
1139 294 1411 349 celeriter
1442 293 1617 349 sociis
1658 290 1812 349 foret
1849 290 1996 347 sub-

115 384 388 427 ventum
412 410 431 442 ,
465 386 672 445 praeter
719 375 908 448 ipsam
955 372 1222 430 Afri-cam
1256 387 1473 430 terram
1498 411 1519 444 ,
1552 370 1703 427 nihil
1722 412 1743 444 ,
1794 389 1867 427 ne
1896 385 1997 427 te·-

123 461 306 505 ctum
337 453 571 525 quidem
601 471 760 527 ,quo
811 472 872 511 se
922 455 1299 527 reciperent,
1347 452 1419 508 ab
1472 452 1703 509 illorum
1754 455 1995 525 scelere,

122 527 494 607 insidiisque
542 535 834 608 reliquum
901 533 1188 609 Futurum.
1244 533 1484 609 „Atque
1536 532 1663 607 ipse
1716 532 1777 591 in
1824 545 1995 589 tanta.
2054 544 2059 551 ·

128 623 273 667 erat
328 601 750 686 festinatione,
794 624 854 671 et
910 613 1389 688 exspectatione,
1460 624 1523 669 ut
1572 605 1824 687 postero*
1873 613 1993 685 die,

127 705 322 761 quam
353 693 606 749 misisset
636 694 879 767 literas,
931 696 1310 767 nuntiumque
1353 694 1415 749 in
1476 690 1739 749 Siciliam
1762 732 1782 765 ,
1830 695 1994 749 clas-

131 784 268 825 sem
289 810 315 841 ,
366 773 798 849 exercitumque
857 776 1074 833 morari
1133 774 1410 847 diceret3
1460 787 1703 845 noctes,
1751 774 1992 849 diesque

134 853 392 923 oculos,
441 867 806 929 mentemque
867 857 939 909 ad
993 872 1153 912 mare
1212 854 1529 926 dispositos
1558 891 1578 924 ,
1625 854 1991 929 directosque

135 925 415 989 haberet.
443 930 572 990 Nec
601 936 816 993 mirum
841 974 862 1006 ,
891 935 1391 993 animadvertebat
1434 934 1589 988 enim
1632 934 1801 995 villas
1842 951 1991 991 exu-

137 1010 198 1067 ri
223 1050 246 1082 ‚
301 1028 472 1088 agros
511 1019 774 1090 vastari,
825 1033 996 1089 pecus
1023 1017 1249 1091 diripi,
1290 1013 1727 1088 trucidarique,
1757 1012 1993 1089 oppida,

139 1095 505 1168 castellaque
555 1097 753 1168 dirui,
801 1098 1148 1172 deserique,
1215 1096 1620 1170 principesque
1679 1094 1991 1154 civitatum

144 1184 254 1229 aut
285 1173 591 1249 interfici,
619 1189 717 1235 aut
746 1177 808 1233 in
849 1178 1074 1234 catenis
1124 1177 1353 1233 teneri:
1384 1176 1597 1231 liberos
1636 1190 1832 1233 eorum
1873 1176 1991 1231 ob-

145 1252 344 1310 sidum
391 1255 625 1312 nomine
667 1258 728 1312 in
761 1260 1108 1314 servitutem
1151 1257 1363 1331 abripi.
1397 1258 1477 1317 lis
1518 1271 1579 1310 se
1607 1254 1668 1309 in
1716 1255 1991 1329 miseriis,

144 1347 429 1407 suamque
473 1332 648 1391 fidem
692 1337 1182 1411 implorantibus,
1229 1339 1446 1397 auxilio
1498 1348 1731 1409 propter
1776 1334 1990 1409 copia-

145 1428 280 1467 rum
311 1415 662 1485 paucitatem
682 1456 704 1489 ,
733 1435 856 1475 esse
887 1435 998 1475 non
1021 1436 1202 1493 posse.
1227 1419 1459 1475 Milites
1488 1415 1725 1471 interim
1749 1415 1810 1469 in
1836 1432 1989 1489 ope-

146 1508 216 1546 re
266 1495 584 1571 excedere,
639 1511 831 1553 castra
879 1500 1146 1571 munire,
1187 1511 1417 1572 turres,
1481 1497 1720 1551 castella
1772 1494 1987 1571 facere,

144 1574 438 1647 molesque
464 1573 660 1648 jacere
687 1578 750 1633 in
779 1595 937 1637 mare
984 1597 1098 1637 non
1139 1579 1550 1637 intermittere.
1582 1575 1779 1648 Scipio
1818 1575 1973 1633 inte.

145 1652 262 1708 rim
305 1654 648 1729 elephantos
689 1661 801 1716 hoc
851 1661 1024 1718 modo
1063 1661 1513 1718 condocefacere
1542 1655 1845 1728 instituit,
1894 1675 1985 1715 11.

145 1732 422 1791 instruxit
463 1737 656 1796 acies:
712 1756 881 1797 unam
937 1741 1299 1797 funditorum
1358 1754 1564 1799 contra
1626 1735 1987 1811 elephantos,

145 1829 268 1886 quae
317 1816 478 1888 quasi
537 1819 1000 1877 adversariorum
1048 1824 1239 1878 locum
1285 1822 1625 1891 obtineret,
1679 1830 1737 1872 et
1785 1832 1990 1875 contra

145 1908 344 1950 eorum
421 1895 670 1955 frontem
738 1902 1039 1957 adversam
1105 1903 1333 1975 lapillos
1406 1906 1677 1966 minutos
1736 1897 1987 1956 mittem

151 1972 356 2031 deinde
387 1976 448 2031 in
479 1980 740 2037 ordinem
780 1982 1118 2055 elephantos
1145 1985 1490 2043 constituit:
1544 1999 1673 2059 post
1708 1986 1843 2044 illos
1872 2002 1987 2042 au·-

151 2067 270 2113 tem
299 2060 482 2115 aciem
514 2076 674 2119 suam
705 2064 982 2121 instruxit
1003 2103 1026 2135 ,
1051 2076 1114 2119 ut
1136 2103 1158 2135 ,
1187 2082 1323 2119 cum
1373 2066 1445 2122 ab
1495 2066 1844 2123 adversariis
1888 2070 1985 2124 la·-

151 2139 310 2213 pides
331 2134 521 2197 Huitti
583 2144 938 2216 coepissent,
989 2156 1050 2198 et
1109 2145 1409 2217 elephanti
1458 2149 1520 2189 4⁵
1574 2148 1873 2220 perterriti
1924 2164 1986 2203 se

159 2221 232 2273 ad
259 2236 384 2276 suos
413 2224 842 2280 convertissent
865 2262 885 2294 ,
933 2239 1130 2280 rursus
1159 2241 1194 2278 a
1223 2242 1331 2281 sua
1362 2226 1489 2282 acie
1518 2228 1805 2299 lapidibus
1832 2228 1989 2283 mis—

155 2299 234 2354 sis
262 2314 355 2355 eos
382 2314 790 2357 converterent
809 2303 1113 2365 adversum
1137 2301 1364 2359 hostem
1392 2323 1406 2361 ι
1449 2306 1598 2379 quod
1629 2325 1777 2382 aegre
1796 2346 1817 2379 ‚
1848 2320 1985 2363 tar-

157 2378 339 2451 deque
365 2377 541 2435 fiebat
565 2396 580 2436 ε
613 2382 780 2437 rudes
810 2382 1291 2455 enimlelephanti
1316 2426 1339 2457 ‚
1368 2389 1680 2443 multorum
1703 2405 1983 2463 annorum

157 2457 457 2529 doctrina,
491 2476 699 2534 usuque
749 2476 981 2520 vetusto
1023 2464 1122 2519 vix
1161 2465 1400 2541 edocti,
1445 2480 1641 2525 tamen
1688 2470 1984 2527 communi

157 2539 409 2612 periculo
437 2540 500 2597 in
528 2542 714 2597 aciem
758 2546 1167 2617 producuntur.

193 2755 258 2805 45
293 2749 556 2795 Per-territi
591 2763 645 2797 se
678 2752 740 2797 ad
776 2752 891 2799 s'uor
911 2768 1026 2801 eon·
1091 2763 1172 2803 tro
1191 2768 1382 2813 semper
1409 2758 1576 2803 cedunt
1598 2791 1613 2816 ‚
1656 2758 1782 2805 baud
1809 2759 1983 2807 minore

163 2811 464 2862 vertissent.)
488 2812 615 2861 Plin.
635 2826 761 2863 vm.
782 2819 828 2863 8.
849 2818 913 2863 de
933 2819 1029 2864 eie-
1087 2822 1308 2878 ,partium
1336 2834 1533 2869 suarum
1555 2822 1779 2879 pernicie.-

161 2871 381 2935 phautls:
398 2879 686 2941 Vulnerari,
711 2889 760 2929 et
773 2883 940 2928 territi
956 2896 1030 2930 re-

2026 1604 2104 1667 2⁷
