2459 3834
456 79 610 156 v186
755 165 759 170 ,
969 100 1098 156 nu·
1131 86 1396 156 nnzsso'
1428 100 1755 170 eunuco

453 184 712 256 texitur,
742 182 878 240 dum
903 182 1054 258 justa
1087 185 1239 240 muri
1266 184 1515 242 altitudo
1545 185 1858 256 expleatur.
1900 181 2035 253 Hoc
2063 197 2207 272 cum
2244 191 2312 246 iu

446 265 702 336 speciem
717 305 736 335 ,
757 265 1214 337 varietatemque
1242 281 1385 336 opus
1422 264 1682 322 deforme
1724 283 1835 323 non
1880 279 1968 322 est
1990 307 2010 337 ,
2048 272 2319 326 alterius

449 343 711 398 trabibus
734 383 751 414 ,
771 361 840 399 ac
868 346 1019 400 saxis
1041 341 1070 414 ,'
1087 361 1207 416 quae
1224 345 1415 400 'rectis
1439 345 1602 400 lineis
1623 361 1753 400 suos
1784 347 2012 402 ordines
2029 365 2247 404 servan
2262 365 2319 421 t,

355 487 362 496 ι
417 435 578 478 ‘tum
609 424 682 479 ad
718 425 1032 478 utilitatem
1054 463 1074 495 ,
1103 437 1166 478 et
1193 423 1581 480 defensionem
1615 425 1841 480 urbium
1871 444 2150 482 summam
2198 431 2316 483 ha·-

451 503 556 558 bet
597 499 1090 576 opportunitatem
1113 543 1134 575 ,
1163 505 1312 576 quod
1358 515 1419 558 et
1462 507 1533 560 ab
1576 505 1846 562 incendio
1904 509 2049 579 lapis
2078 547 2095 576 ,
2124 521 2197 562 et
2232 509 2317 564 ab

453 584 641 638 ariete
692 583 937 640 materia
975 583 1273 656 defendit,
1326 601 1446 658 quae
1474 585 1781 658 perpetuis
1830 587 2086 640 trabibus
2119 589 2317 662 pedes

455 663 846 738 quadragenos
903 667 1232 738 pierumque
1286 665 1571 722 introrsus
1616 665 1881 722 revincta
1914 683 2093 742 neque
2146 685 2312 742 per-

455 743 686 818 rumpi,
717 761 896 819 neque
925 744 1172 800 distrahi
1205 757 1412 818 potest.
1430 740 1472 818 ,',
1638 747 1643 754 ’

365 851 378 865 ι
449 833 472 862 8¹

1011 981 1016 987 Α
1095 880 1444 990 CAPUT
1532 903 1634 961 xi.

450 1059 664 1120 Caesar'
707 1077 987 1144 aggerem
1056 1065 1438 1121 extruendum
1490 1074 1679 1122 curat.
1744 1063 1975 1122 Hostes
2002 1105 2025 1140 ,
2078 1066 2301 1124 incen—

449 1149 522 1200 ‘co
571 1163 826 1227 aggere,
849 1145 888 1201 'e
946 1144 1207 1202 turribus
1250 1135 1569 1218 erumpuntss
1629 1143 1943 1202 Narratur
1992 1147 2301 1218 cujusdam

463 1249 471 1254 ·
761 1241 776 1250 ·
819 1223 986 1284 Galli
1004 1222 1281 1299 factum,
1314 1221 1627 1306 scorpionis
1657 1225 1779 1282 ictu
1810 1242 1928 1300 ex-
1968 1219 1977 1242 ²
2262 1237 2273 1245 ’

264 1371 290 1388 x
823 1330 829 1338 ’
1045 1305 1052 1336 ³
1171 1303 1178 1309 ·
1276 1301 1477 1398 feei*
1860 1301 1865 1308 ·
1992 1323 2009 1332 ··

347 1477 466 1538 24-
552 1397 662 1523 Iis
715 1475 806 1523 tot
861 1461 1359 1540 rebus‘impedita‘
1400 1457 1867 1540 oppugnatIone,
1906 1459 2125 1521 milites
2164 1484 2300 1526 cum

461 1556 592 1602 toto
633 1559 892 1620 ternpore
919 1547 1143 1622 frigore
1163 1586 1182 1618 ,
1225 1559 1287 1602 et
1325 1545 1565 1602 assiduis
1596 1539 1871 1602 imbribus
1900 1547 2293 1620 tardarentur,

463 1638 654 1681 tamen
696 1625 1263 1682 continenti‘labore
1301 1625 1497 1682 omnia
1556 1628 1673 1682 haec
1712 1633 2129 1696 superaverunt
2156 1669 2175 1700 ,
2230 1641 2295 1686 et

460 1707 659 1763 diebus
689 1725 816 1763 xxv.
854 1723 1121 1782 aggerem
1162 1706 1342 1763 latum
1388 1705 1556 1780 pedes
1600 1723 1829 1762 cccxxx.
1891 1708 2069 1772 altum
2116 1699 2295 1784 pedes

462 1805 626 1842 Lxxx.
677 1799 1090 1844 exstruxerunt.
1152 1784 1299 1842 Cum
1330 1788 1381 1843 is
1411 1803 1632 1843 murum
1667 1787 1919 1844 hostium
1966 1803 2109 1858 pene
2138 1805 2293 1844 con-

465 1868 716 1940 tingeret
737 1909 758 1939 ,
797 1881 856 1923 et
881 1864 1071 1940 Caesar
1101 1868 1172 1922 ad
1203 1885 1343 1940 opus
1370 1858 1783 1946 'consuetudine
1826 1865 2153 1942 excubaret,
2182 1869 2297 1924 mi·

459 1945 713 2020 litesque·
745 1945 1184 2019 cohortaretur,
1228 1965 1298 2004 ne
1340 1947 1487 2020 quod
1528 1945 1767 2004 omnino‘
1813 1955 2035 2016 tempus
2074 1947 2159 2003 ab
2216 1965 2296 2004 0-

433 2042 596 2098 -Pere
649 2027 1133 2083 intermitteretur
1162 2069 1183 2099 ,
1214 2032 1405 2102 paullo
1446 2039 1583 2082 ante
1632 2028 1869 2083 tertiam
1910 2020 2178 2098 vigiliam·
2204 2041 2296 2085 est

461 2106 958 2180 animadversum,
1017 2107 1239 2164 fumare
1286 2125 1550 2182 aggerem
1579 2147 1596 2178 ,
1644 2124 1815 2182 quem
1864 2107 2127 2162 cuniculo
2178 2107 2297 2164 ho-

459 2200 580 2254 stes
626 2189 1035 2260 succenderant
1060 2229 1081 2259 „
1128 2190 1441 2263 eodemque
1481 2202 1739 2262 tempore
1800 2199 1927 2244 toto
1966 2203 2131 2244 muro
2166 2189 2300 2244 cla..

462 2284 624 2326 more
672 2268 934 2342 sublato,
991 2268 1204 2324 duabus
1246 2270 1427 2340 portis
1476 2268 1549 2324 ab
1610 2281 1851 2341 utroque
1911 2270 2096 2324 latere
2159 2279 2299 2323 tur-

463 2349 612 2404 rium
651 2350 890 2421 eruptio
939 2347 1131 2405 fiebat.
1182 2349 1306 2404 Alii
1352 2348 1504 2404 faces
1535 2389 1554 2420 ,
1606 2360 1780 2420 atque
1832 2347 2059 2414 aridam
2099 2359 2300 2404 mate-

463 2429 608 2483 ‘riem
649 2427 722 2482 de
759 2425 922 2486 muro
952 2431 1012 2485 in
1044 2447 1311 2504 aggerem
1335 2429 1556 2484 eminus
1596 2426 1883 2504 jaciebant
1908 2444 1925 2483 ε
1956 2427 2146 2500 picem
2176 2429 2300 2501 alii,

462 2505 984 2583 reliquasque‘res,
1030 2509 1235 2584 quibus
1279 2509 1429 2584 ignis
1484 2510 1734 2566 excitari
1788 2519 1980 2582 potest
2012 2547 2031 2578 ,
2080 2507 2299 2564 funde-

463 2586 604 2650 baut
628 2629 647 2660 ,
679 2599 741 2644 ut
775 2607 886 2664 quo
910 2590 1154 2664 primum
1197 2603 1596 2645 occurreretur
1622 2629 1641 2660 ,
1671 2600 1771 2644 aut
1824 2587 1916 2643 cui
1976 2587 2059 2642 rei
2102 2587 2295 2643 ferre-

463 2679 560 2724 tur
601 2670 875 2725 auxilium
899 2711 917 2741 ‚
963 2671 1062 2725 vix
1091 2668 1244 2725 ratio
1293 2669 1429 2724 iniri
1475 2681 1681 2741 posset.
1713 2667 1934 2726 Tamen
1956 2706 1977 2738 ,
2007 2668 2159 2739 quod
2196 2669 2296 2722 in-

464 2749 672 2821 stituto
702 2747 945 2806 Caesaris
983 2751 1105 2806 duae
1147 2765 1372 2820 semper
1404 2750 1659 2822 legiones
1710 2765 1829 2822 pro,
1862 2747 2068 2802 castris
2118 2765 2301 2804 excu-

463 2827 678 2900 habant
709 2869 730 2901 ,
779 2831 1012 2904 duaeque
1071 2830 1305 2902 partitis
1364 2828 1717 2901 temporibus
1778 2828 1838 2882 in
1894 2842 2069 2899 opere
2114 2841 2298 2898 erant,

461 2910 734 2966 celeriter
783 2909 999 2965 factum
1051 2921 1181 2981 est,
1227 2921 1292 2964 ut
1338 2908 1440 2963 alii
1495 2907 1891 2981 eruptionibus
1940 2907 2298 2978 resisterent,

461 2989 569 3044 a‘lii
619 3001 804 3046 turres
833 2991 1170 3046 reducerent
1194 3027 1214 3059 ,
1246 3005 1623 3063 aggeremque
1655 2987 2143 3042 inter-scinderent
2171 3027 2192 3058 ,
2220 3003 2299 3043 o·-

464 3070 618 3125 mnis
656 3086 794 3125 vero
837 3087 908 3126 ex
951 3070 1160 3131 castris
1188 3067 1498 3134 multitudo
1532 3069 1606 3123 ad
1638 3066 2107 3142 restinguendum
2148 3083 2296 3123 con·-

335 3151 419 3215 ὣς
465 3163 742 3206 curreret.
785 3147 934 3205 Cum
963 3149 1024 3203 in
1052 3147 1544 3225 omnibusgl'ocis,
1572 3157 1909 3218 consumpta
1936 3145 2047 3219 jam
2081 3149 2297 3221 reliqua

459 3239 636 3298 parte
673 3229 864 3283 noctis
887 3267 908 3299 ‚
949 3237 1296 3300 pugnaretur
1315 3265 1337 3298 ,
1366 3243 1711 3303 semperque.
1744 3225 2003 3281 hostibus
2034 3241 2167 3296 spes
2194 3227 2293 3280 vi-

457 3305 656 3361 ctoria
689 3307 1181 3382 redintegraretur
1211 3345 1234 3380 ,
1276 3321 1347 3364 eo
1409 3309 1592 3383 magis
1612 3348 1634 3381 ,
1688 3307 1842 3381 quod
1881 3305 2113 3364 deustos
2163 3309 2297 3380 plu-
