2459 3834
610 103 612 110 ,
747 43 899 104 nn.
933 45 1009 100 A.
1061 41 1330 99 umm-
1796 37 1945 120 52⁷

41 117 46 122 ’
115 149 200 202 no
241 131 398 210 quod
439 127 588 188 bene
632 129 832 184 meriti
881 139 1070 184 essent
1090 164 1112 198 ,
1158 122 1437 181 auxilium
1484 118 1685 177 ferret.
1731 113 1947 192 Caesar,

121 213 330 276 eorum
376 210 619 269 consilio
667 209 948 282 probato,
996 205 1083 262 M.
1132 202 1409 278 Crispum
1456 199 1771 258 Tribunum
1816 217 1948 256 cum

121 298 374 352 cohorte
392 332 414 365 ,
441 306 501 347 et
530 288 850 364 sagittariis
871 326 894 359 ,
923 285 1337 358 tormentisque
1366 283 1750 354 compluribus
1794 296 1954 354 prae-

126 375 286 433 sidio
318 371 650 428 Ttxabenam
682 367 888 422 mittit.
938 366 1159 422 Eodem
1202 377 1464 436 tempore
1510 379 1580 416 ex
1629 360 1953 434 legionibus

130 452 402 514 omnibus
448 451 664 514 milites
683 485 704 518 ‚
743 447 842 521 qui
879 459 980 501 aut
1023 443 1224 501 morbo
1253 442 1567 515 impediti,
1596 457 1694 497 aut
1725 436 1751 477 ⁸
1785 456 1957 495 com-

133 547 332 590 meatu
369 531 552 600 dato,
589 543 719 582 cum
771 526 950 600 signis
999 542 1112 581 non
1154 535 1456 596 potuerant
1518 531 1653 576 ante
1704 519 1956 575 transire

131 613 202 671 in
241 610 546 678 Africam,
593 605 666 660 ad
715 606 895 659 minin
939 622 1022 659 ιν.
1051 603 1273 676 equites
1295 642 1317 674 ,
1341 619 1431 656 cn.
1453 599 1817 671 funditores,
1851 615 1959 656 sa·-

126 690 450 767 gitariique
497 687 524 730 ⁹
581 700 691 742 uno
738 696 1063 742 commeatu
1111 681 1327 738 Caesari·
1372 691 1763 737 occurrerunt.
1816 671 1957 733 Ita-

50 777 59 784 ’
127 788 247 844 que
296 783 419 825 tum
471 767 562 820 his
615 763 844 836 copiis,
901 776 962 819 et
1023 763 1287 820 omnibus
1346 759 1665 835 legionibus
1714 755 1959 830 eductis,

131 852 290 906 sicut
359 857 486 902 erat
544 845 909 918 instructus,
966 860 1099 898 vm.
1146 841 1399 898 millibus
1462 851 1719 912 passuum
1768 854 1802 892 a
1843 836 1959 893 suis

132 927 388 998 castris,
431 922 502 980 ab
553 921 841 998 Scipionis
884 937 1022 979 vero
1070 939 1150 977 nt.
1201 919 1455 976 millibus
1506 934 1763 991 passuum
1793 919 1963 991 longe

133 1006 406 1064 constitit
435 1004 496 1059 in
523 1019 745 1076 campo.
777 1001 924 1056 Erat
951 1003 1021 1068 ¹0,
1041 999 1316 1075 oppidum
1348 997 1499 1054 infra
1527 1007 1712 1054 castra
1736 994 1965 1070 Scipio-

134 1087 231 1142 nis
264 1084 490 1143 nomine
516 1077 748 1157 Tegea,
790 1081 884 1136 ubi
929 1081 1252 1153 praesidium
1290 1094 1557 1154 equestre
1592 1077 1835 1134 circiter
1868 1093 1962 1132 cn.

133 1165 352 1222 habere
379 1173 769 1220 consueverat.
803 1159 890 1217 Eo
920 1147 1179 1233 equitatu
1223 1161 1429 1215 dextra
1448 1197 1469 1231 ,
1496 1155 1843 1232 sinistraque
1870 1156 1967 1212 di-

132 1259 301 1302 recto
350 1244 423 1300 ab
471 1241 671 1316 oppidi
719 1239 1032 1311 lateribus,
1073 1241 1240 1314 ipse,
1280 1239 1605 1314 legionibus
1643 1251 1715 1294 ex
1756 1237 1966 1293 castris

137 1323 404 1395 eductis,
443 1333 614 1398 atque
663 1320 724 1375 in
771 1317 903 1394 jugo
954 1318 1227 1390 inferiore
1278 1316 1622 1391 instructis,
1664 1333 1777 1374 non
1828 1317 1967 1374 lon-

136 1405 270 1480 gius
327 1402 448 1458 fere
475 1419 540 1458 u.
585 1415 845 1472 passuum
901 1397 972 1452 ab
1013 1399 1129 1454 suis
1170 1398 1585 1456 munitionibus
1617 1413 1967 1471 progressus,

139 1483 206 1538 in
251 1482 377 1538 acie
421 1479 706 1537 constitit.
759 1477 1064 1551 Postquam
1105 1477 1323 1534 diutius
1350 1479 1410 1534 iu
1452 1493 1563 1535 uno
1608 1481 1734 1534 loco
1766 1475 1963 1551 Scipio
2003 1492 2083 1573 ,ῖς
2173 1536 2181 1539 ,

142 1561 646 1629 commorabatur,
693 1569 756 1613 et
807 1568 1028 1629 tempus
1075 1558 1197 1613 diei
1238 1559 1303 1613 in
1344 1557 1468 1615 otio
1507 1556 1968 1630 consumebatur,

146 1638 340 1698 Caesar
381 1642 640 1715 equitum
670 1651 888 1693 turmas
927 1653 1154 1695 suorum
1196 1635 1355 1714 jubet
1401 1637 1462 1692 in
1504 1636 1761 1694 hostium
1806 1636 1973 1710 equi·
2067 1655 2075 1658 ·

155 1709 340 1778 tatum
367 1758 387 1789 ,
428 1718 525 1792 qui
577 1717 650 1773 ad
685 1717 955 1789 oppidum
1006 1717 1066 1774 in
1108 1718 1363 1782 statione
1388 1729 1559 1791 erat,
1604 1715 1797 1773 facere
1846 1709 1977 1773 im·-¹

143 1800 493 1871 pressionem
514 1837 534 1868 ,
563 1800 860 1869 levemque
912 1810 1261 1853 armaturam
1284 1835 1305 1868 ,
1342 1797 1683 1872 sagittarios
1704 1835 1722 1866 ,
1764 1795 1974 1853 fundi-

145 1889 411 1954 tot-esque
449 1877 651 1933 eodem
680 1876 990 1932 submittit.
1038 1875 1208 1950 Quod
1252 1876 1347 1931 ubi
1397 1890 1648 1949 coeptum
1694 1891 1789 1938 est,
1816 1874 1973 1949 fieri,

142 1969 206 2013 et
231 1959 392 2032 ‘equis
420 1956 733 2011 concitatis
759 1953 978 2027 Juliani
1010 1955 1291 2027 impetum
1340 1954 1613 2012 fecissent
1636 1995 1657 2027 ,
1703 1955 1972 2012 Pacidius

145 2052 275 2094 suos
334 2037 556 2109 equites
611 2034 979 2108 exporrigere
1037 2035 1215 2107 coepit
1278 2034 1340 2088 in
1406 2036 1865 2110 longitudinem,
1906 2049 1970 2091 ut

146 2113 431 2173 haberent
470 2113 805 2170 facultatem
851 2127 1068 2170 turmas
1095 2114 1131 2186 J
1137 2115 1359 2170 ulianas
1385 2115 1842 2171 circumfundere
1864 2155 1885 2188 ,
1908 2127 1973 2171 et

146 2196 522 2254 nibilominus
577 2191 893 2249 fortissime
933 2231 954 2264 ,
1020 2194 1412 2266 acerrimeque
1476 2211 1745 2268 pugnare.
1804 2193 1976 2268 Quod

147 2273 245 2332 ubi
273 2272 467 2332 Caesar
521 2271 976 2342 animadvertit,
1015 2291 1172 2344 ccc„
1221 2289 1363 2346 quos
1409 2288 1480 2327 ex
1528 2275 1850 2346 legionibus
1872 2276 1978 2330 ha·
2019 2315 2029 2325 .

147 2351 284 2410 bere
327 2349 628 2428 expeditos
666 2365 1040 2407 consueverat
1063 2391 1083 2421 ,
1119 2368 1192 2408 ex
1239 2351 1500 2424 proxima
1540 2353 1805 2426 legione,
1854 2371 1977 2429 quae

151 2433 208 2488 ei
255 2431 449 2505 praelio
481 2430 542 2486 in
572 2431 698 2486 acie
737 2431 1122 2502 constiterat,
1162 2429 1317 2505 jubet
1357 2432 1640 2506 equitatui
1680 2450 1978 2490 succurre·

150 2528 233 2568 re.
301 2510 585 2570 Labienus
630 2509 868 2565 interim
927 2509 1043 2568 suis
1087 2509 1373 2586 equitibus
1429 2511 1645 2568 auxilia
1690 2514 1977 2588 equestria

151 2588 535 2662 submittere,
574 2589 938 2662 sauci'isque,
984 2605 1055 2645 nc
1101 2589 1441 2665 defatigatis
1490 2592 1747 2666 integros
1783 2633 1808 2667 Ι,
1867 2611 1975 2648 re-

148 2667 613 2748 centioribusque
641 2668 862 2724 viribus
893 2669 1114 2744 equites
1154 2669 1611 2727 subministrare.
1637 2671 1975 2745 ‘Postquam

148 2748 371 2823 equites
394 2747 615 2826 ‚Iuliani
653 2765 745 2805 cu.
776 2749 898 2802 vim
951 2750 1201 2807 hostium
1251 2749 1325 2806 ad
1362 2767 1453 2818 iv.
1502 2750 1688 2814 millia
1736 2767 1975 2809 numero
2053 2759 2060 2764 '

150 2827 431 2887 sustinere
467 2843 581 2886 non
609 2838 879 2905 poterant
899 2865 922 2902 ,
944 2841 1007 2886 et
1035 2846 1073 2888 a
1109 2829 1226 2887 levi
1262 2841 1556 2886 armatura
1589 2828 1971 2887 Numidarum

211 2988 239 3035 8
290 2991 556 3038 commeatu
577 2988 741 3039 dato.)
770 2985 928 3034 venia
956 2986 1024 3037 ati
1086 2996 1200 3036 rant
1215 3021 1234 3046 ‚
1256 2985 1438 3049 quibus
1454 2985 1635 3036 eadem
1658 2985 1769 3037 haec
1792 2990 1967 3042 Ptole·

153 3059 289 3109 suos,
311 3053 394 3098 vel
418 3051 520 3099 alio
547 3048 766 3100 abeundi
790 3062 819 3098 a
849 3048 1025 3111 signis.
1085 3050 1207 3098 maei
1239 3055 1363 3109 Tege
1388 3059 1491 3108 est,
1523 3063 1637 3112 quae
1674 3050 1969 3112 lqngissime

188 3118 220 3166 9
250 3117 340 3160 Uno
365 3116 659 3167 commeatu.)
674 3115 786 3162 Une
803 3113 1026 3174 naviga-
1087 3113 1154 3164 ab
1172 3111 1269 3162 hac
1285 3113 1401 3160 belli
1416 3113 1533 3161 sede
1554 3114 1606 3160 in
1628 3114 1869 3162 interiora
1888 3127 1967 3163 ac·

155 3171 290 3222 tione
302 3206 318 3231 ,
343 3175 788 3237 transportatione.
1087 3174 1224 3226 cedit
1241 3209 1256 3234 ,
1272 3174 1392 3222 sirti
1412 3174 1609 3238 majori,
1624 3189 1780 3241 quam
1792 3177 1973 3228 mino«

187 3239 256 3284 ἰο
280 3241 505 3298 oppidum
521 3244 698 3292 nomm
717 3237 921 3302 Tegea.)
940 3240 1026 3292 Et·
1089 3240 1138 3288 ri
1153 3272 1170 3300 ‚
1197 3237 1424 3304 propior.
