2459 3834
675 164 680 171 '
776 190 828 206 q.
865 142 920 211 ,L
947 150 974 201 ι
1001 146 1052 199 Β
1085 148 1129 200 Ε
1155 148 1222 202 R..
1285 150 1363 203 v·
1440 192 1450 197 -
1892 152 1927 205 1
1948 154 1977 205 1

189 224 530 305 duabusque
547 225 740 285 missis
775 226 1030 286 subsidio
1076 230 1417 289 cohortibus
1444 246 1497 304 ,ι
1554 226 1785 289 caesare
1812 270 1835 305 ,
1864 148 2043 308 atqu⁷e

187 309 285 387 his
331 310 537 381 primis
564 310 854 383 legionum
896 310 1172 382 duarum,
1197 328 1331 368 cum
1362 310 1447 365 hae
1466 351 1487 383 ,
1524 311 1859 370 intermisso
1890 330 2039 386 per-

185 390 415 464 exiguo'·
442 390 562 446 loci
585 390 821 463 spatio,
847 388 1005 445 inter
1047 406 1110 447 se
1156 389 1595 463 constitissent,
1625 410 1779 450 novo
1822 409 2041 469 genere

182 487 386 546 pugnae
421 470 757 545 perterritis
783 471 998 549 nostris
1017 509 1038 541 ,
1071 487 1173 545 per
1203 471 1427 528 medios
1471 472 1854 531 audacissime
1892 490 2045 547 pro-

182 554 510 625 ruperunt,
537 568 707 625 seque
734 550 871 605 inde
923 550 1239 627 incolumes
1280 565 1641 625 receperunt.
1690 552 1785 611 Eo
1810 552 1909 609 die
1958 550 2047 627 Q.-

177 628 466 721 Laberius
495 628 689 687 Durus
721 629 982 686 tribunus
1012 630 1185 687 milit.
1211 629 1585 689 interficitur.
1617 630 1737 705 Illi,
1769 632 2039 707 pluribus

142 710 478 789 ‘submissis
525 710 862 768 cohortibus
891 750 912 783 ,
942 712 1315 783 repelluntur.
1374 750 1419 785 „
1448 708 1604 772 Toto
1652 712 1767 771 hoc
1810 714 1877 770 in
1916 730 2033 789 ge·-
2077 705 2155 763 16

176 808 319 845 nere
371 808 571 871 pugnae
601 807 730 847 cum
754 790 857 847 sub
889 791 1068 847 oculis
1101 792 1359 849 omnium
1390 830 1412 865 ,
1441 807 1511 847 ac
1552 808 1657 867 pro
1686 792 1897 849 castris
1926 793 2033 849 di-

178 870 500 927 micaretur
522 912 543 943 ,
571 871 930 927 intellectum
961 884 1083 943 est,
1113 884 1375 944 nostros,
1404 886 1645 947 propter
1672 873 2033 947 gravitatem

178 967 476 1026 armorum
499 991 520 1023 ,
550 951 702 1026 quod
742 968 923 1025 neque
957 950 1183 1025 insequi
1231 952 1504 1009 cedentes
1536 965 1767 1027 possent
1797 992 1817 1025 ,
1848 969 2035 1027 neque

177 1031 250 1086 ab
284 1032 472 1107 signis
504 1030 804 1087 discedere
835 1030 1114 1087 auderent
1135 1070 1156 1103 ,
1185 1033 1376 1089 minus
1416 1044 1585 1105 aptos
1612 1049 1735 1089 esse
1764 1034 1837 1089 ad
1871 1033 2033 1107 huju·

177 1112 410 1187 generis
447 1112 721 1183 hostem;
749 1111 970 1187 equites
999 1125 1190 1167 autem
1223 1128 1431 1189 magno
1467 1128 1597 1169 cum
1640 1112 1897 1188 periculo
1922 1114 2033 1170 di-

181 1190 451 1263 micare,
483 1182 792 1266 propterea
832 1191 982 1265 quod
1035 1192 1122 1246 illi
1166 1192 1347 1248 etiam
1389 1195 1651 1249 consulto
1694 1194 2031 1267 plerumque
2138 1204 2154 1237 ¹

178 1273 502 1329 cederent:
543 1284 606 1327 et
635 1287 764 1326 cum
798 1273 1082 1345 paululum
1113 1270 1184 1327 ab
1215 1270 1537 1347 legionibus
1568 1286 1795 1329 nostros
1826 1290 2035 1329 remo-

183 1352 409 1407 vissent
435 1392 456 1424 ,
491 1369 564 1407 ex
593 1351 806 1407 essedis
843 1351 1147 1407 desilirent
1165 1390 1186 1422 ‚
1227 1365 1288 1407 et
1321 1351 1555 1425 pedibus
1585 1352 1803 1425 dispari
1833 1352 2033 1425 praelio

185 1434 635 1489 contenderent.
679 1430 980 1505 Equestris
1020 1443 1212 1487 autem
1258 1430 1440 1505 praelii
1482 1432 1637 1488 ratio
1670 1444 1733 1488 et
1761 1432 2039 1489 cedenti-

181 1510 284 1567 bus
306 1552 327 1583 ,
356 1524 421 1568 et
454 1511 888 1585 insequentibus
919 1526 1055 1585 par,
1098 1524 1271 1586 atque
1313 1512 1469 1567 idem
1512 1512 1824 1584 periculum
1872 1511 2039 1567 infe-

187 1592 372 1648 rebat.
395 1592 400 1599 '
425 1591 765 1665 Accedebat
803 1592 916 1646 huc
936 1631 955 1664 ,
984 1605 1047 1648 ut
1070 1608 1380 1666 ‚nunquam
1418 1590 1668 1647 conferti
1697 1631 1719 1664 ,
1747 1592 1849 1647 sed
1890 1593 2036 1665 rari,

186 1672 528 1747 magnisque
579 1672 902 1727 intervallis
953 1671 1359 1745 praeliabantur
1388 1710 1410 1743 ,
1458 1672 1851 1745 stationesque
1899 1672 2040 1727 dis÷

185 1754 405 1825 positas
447 1749 772 1825 haberent,
816 1764 987 1825 atque
1029 1753 1174 1807 alios
1221 1751 1327 1808 alii
1357 1751 1631 1823 deinceps
1680 1753 2039 1827 exciperent,

187 1822 574 1909 integrique,
599 1844 660 1889 et
699 1844 962 1888 recentes
991 1830 1335 1907 defatigatis
1383 1831 1838 1893 succederent.“

835 1985 1188 2049 CAPUT
1266 1989 1391 2048 lx.

193 2140 426 2210 Hostes
459 2151 613 2211 lenti
651 2148 1018 2210 Caesarianos
1045 2149 1258 2225 praelio
1290 2143 1621 2209 lacessunt}
1657 2148 1721 2209 hi
1749 2153 2037 2227 prasidio

193 2232 472 2289 Trebonii
503 2231 722 2305 confisi,
753 2232 816 2287 in
845 2246 942 2287 eos
971 2231 1190 2303 impetu
1208 2226 1415 2303 facw,
1434 2232 1785 2305 praecipites
1814 2246 2034 2312 agunt,

193 2322 256 2389 et
289 2328 452 2389 quam
479 2313 687 2387 plures·
729 2308 1112 2383 interficiunt..
1151 2306 1353 2367 Caesar
1404 2312 1566 2368 ducit
1608 2312 1931 2369 exercitum
1959 2314 2045 2369 ad

151 2390 166 2400 ‘
195 2390 484 2467 Temesim
501 2390 785 2465 fluvium,
816 2392 895 2447 ad
922 2391 1090 2461 cnjus
1128 2388 1377 2449 alteram
1406 2390 1618 2465 ripiam
1647 2391 1895 2449 hostium
1925 2410 2036 2449 co-

191 2472 682 2545 piarinstructas
707 2470 1018 2549 conspicit;
1053 2468 1181 2541 illi,
1209 2488 1334 2527 cum
1363 2471 1639 2545 impetum
1667 2488 1857 2529 eorum
1880 2513 1902 2547 ,
1923 2472 2029 2553 qui

435 2554 680 2611 immissi
711 2549 962 2627 fuerant
991 2589 1014 2622 ‚
1051 2567 1156 2605 non
1191 2562 1434 2622 possent
1473 2552 1791 2625 sustinere,
1898 2566 1905 2575 ’

828 2626 1046 2710 fugam
1066 2631 1392 2710 arripuere.
1602 2626 1610 2633 '

279 2724 580 2853 Postero
609 2792 706 2851 die
738 2794 936 2869 procul
965 2808 1000 2847 a
1030 2790 1239 2848 castris
1282 2789 1480 2849 hostes
1522 2792 1585 2849 in
1625 2792 1869 2852 collibus
1896 2809 2037 2853 con·
2082 2802 2157 2865 17

203 2872 479 2932 stiterunt
501 2916 521 2947 ,
561 2876 792 2949 rarique
819 2890 880 2929 se
921 2873 1224 2929 ostendere
1247 2912 1267 2944 ‚
1295 2884 1357 2928 et
1395 2874 1608 2929 lentius
1627 2913 1649 2946 ,
1691 2890 1862 2949 quam
1901 2874 2039 2949 pri-

208 2954 344 3027 die,
403 2968 633 3023 nostros
683 2955 912 3092 ggii-Res
963 2954 1159 3027 praelio
1219 2955 1498 3008 lacessere
1541 2966 1860 3027 coeperunt.
1917 2952 2040 3030 *Sed

192 3037 453 3106 *meridie
473 3078 493 3109 ,
525 3054 682 3104 cum,
739 3031 1212 3107 aesar'pabulandi
1244 3049 1411 3087 causa
1448 3048 1595 3103 111.¹
1632 3035 1919 3108 legiones,
1944 3046 2041 3090 at-

211 3129 319 3187 que
367 3134 595 3173 omnem
654 3110 973 3191 equitatum
1024 3130 1153 3169 cum
1203 3110 1273 3169 C.
1330 3104 1625 3170 Trebonib
1681 3118 1874 3189 legato
1917 3116 2041 3170 mi-

195 3190 414 3267 'sisset,
457 3207 694 3271 repente
723 3214 794 3253 ex
823 3190 1084 3257 omnibus
1122 3194 1384 3269 partibus
1414 3194 1489 3248 ad
1539 3195 1899 3267 pabulatores
1922 3196 2042 3249 ad·-

217 3276 548 3333 volaverunt
596 3277 681 3333 sic
703 3274 867 3349 pm·
899 3274 968 3330 ab
1009 3274 1188 3347 signis
1209 3312 1229 3343 ,
1261 3273 1688 3349 legionibusque
1728 3290 1837 3331 non
1875 3274 2043 3351 absi-

189 3359 448 3431 fsterent.
494 3355 740 3435 Nostri,
778 3355 996 3415 acriter
1045 3354 1108 3411 in
1155 3354 1527 3431 eos.·i1npetu
1557 3354 1757 3432 facto,
1806 3358 2042 3429 repule-

2352 697 2375 760 Ἰ.
