2459 3834
1756 24 1881 29 *ἡ
1894 22 1943 29 w-
1954 22 2275 29 —v--q-ss—

406 126 557 221 580
965 141 1037 200 c,
1091 142 1300 213 JuLn
1351 140 1686 195 cAEsAms

400 230 504 285 bus
544 238 692 283 utar.
734 221 1045 281 Dolabella
1078 238 1177 281 tuo
1220 221 1371 280 nihil
1404 222 1548 279 mihi
1581 222 1734 279 scito
1761 237 1884 279 esse
1910 212 2254 297 jucundius:

402 309 555 364 hanc
586 306 734 361 adeo
776 302 959 361 habeo
989 305 1244 382 gratiam
1270 304 1402 374 illi,
1447 318 1628 377 neque
1666 302 1824 357 enim
1855 304 2030 357 aliter
2067 302 2266 359 face-

410 405 478 444 re
508 386 706 461 potui:
760 398 924 441 tanta
952 383 1069 459 ejus
1098 375 1468 455 humanitas,
1498 383 1549 437 is
1575 382 1813 454 sensus,
1841 398 1910 438 ea
1939 382 1999 435 in
2030 396 2126 439 me
2149 392 2260 437 est

407 466 828 527 benevolentia.
858 464 1025 521 Vale.
1058 462 1172 521 Ex
1200 461 1646 521 Cic.l.10.ad
1668 460 1878 519 Attio.
1913 461 2087 535 epist.
2131 480 2203 537 9.

758 622 959 685 Caesar
990 561 1221 699 imper.
1245 622 1514 685 Ciceroni
1540 623 1690 699 Imp·
1721 618 1794 681 S.
1831 622 1918 679 D.

513 786 650 843 Etsi
690 799 751 844 te
799 786 951 845 nihil
1003 798 1266 858 temere,
1304 786 1455 843 nibil
1505 783 1904 858 imprudenter
1943 783 2252 847 facturum

393 866 709 943 judicarem
732 908 752 940 ,
794 880 988 925 tamen
1040 880 1334 942 permotus
1381 865 1681 923 hominum
1722 864 1920 935 fama,
1965 866 2258 924 scriben—

394 949 531 1006 dum
561 950 631 1005 ad
688 962 747 1004 te
796 948 1169 1019 existimavi,
1208 960 1270 1003 et
1301 963 1406 1019 pro
1451 956 1648 1004 nostra
1677 944 2079 1002 benevolentia
2123 966 2258 1021 pe-

400 1030 683 1101 tendum,
713 1045 783 1083 ne
814 1044 929 1103 quo
956 1026 1386 1102 progredereris
1409 1026 1690 1083 inclinata
1715 1024 1835 1098 jam
1867 1042 1962 1095 re,
2003 1042 2114 1100 qua
2145 1028 2273 1085 in—

400 1122 565 1185 tegra
598 1110 779 1165 etiam
813 1108 1295 1200 progrediendum
1327 1106 1440 1163 tibi
1467 1122 1582 1163 non
1611 1105 2044 1179 existimasses,
2075 1124 2261 1165 nam-

401 1206 511 1263 que
562 1202 621 1244 et
669 1186 949 1243 amicitiae
1003 1187 1335 1261 graviorem
1381 1184 1650 1259 injuriam
1705 1184 1913 1241 feceris
1945 1225 1966 1258 ,
2017 1198 2077 1241 et
2129 1189 2264 1246 tibi

404 1268 593 1323 minus
644 1265 958 1324 commode
985 1268 1380 1339 consulueris,
1409 1265 1461 1321 si
1502 1280 1615 1321 non
1659 1263 1903 1322 fortunae
1943 1265 2262 1327 obsecutus

395 1346 706 1405 videbere:
761 1348 957 1403 omnia
1001 1347 1157 1403 enim
1196 1345 1609 1405 secundissima
1657 1344 1868 1419 nobis,
1904 1346 2256 1406 adversissi-

393 1444 491 1483 ma
542 1428 658 1484 illis
709 1427 990 1483 accidisse
1020 1427 1337 1498 videntur,
1317 1446 1330 1459 ·
1367 1443 1472 1481 nec
1511 1440 1742 1482 causam
1791 1438 2062 1499 secutus3
2115 1430 2260 1497 (ea.-

397 1508 529 1564 dem
562 1508 718 1563 enim
752 1519 875 1562 tum
912 1506 1066 1579 fuit,
1097 1522 1227 1563 cum
1259 1506 1331 1563 ab
1357 1521 1557 1561 eorum
1595 1504 1857 1561 consiliis
1905 1504 2103 1563 abesse
2141 1510 2258 1583 ju-

394 1586 643 1658 dicasti)
673 1585 778 1642 sed
831 1602 1019 1641 meum
1070 1587 1306 1659 aliquod
1353 1586 1572 1641 factum
1632 1585 2086 1669 condemnasse3
2121 1607 2252 1664 quo

306 1698 315 1703 -
396 1668 547 1723 mihi
578 1668 812 1742 gravius
842 1666 944 1721 abs
988 1679 1047 1722 te
1078 1667 1226 1723 nihil
1260 1666 1528 1722 accidere
1564 1675 1799 1740 potest:
1835 1667 1988 1741 quod
2030 1684 2102 1723 ne
2141 1668 2258 1727 fa-

397 1748 565 1819 cias,
617 1764 722 1821 pro
773 1743 900 1821 jure
950 1759 1161 1804 nostrae
1209 1746 1486 1804 amicitiae
1534 1760 1570 1799 a
1609 1756 1672 1800 te
1721 1757 1880 1820 peto.
1909 1740 2254 1825 Postremo,

395 1828 533 1901 quid
567 1827 695 1883 viro
724 1826 921 1899 bono,
953 1838 1014 1885 et
1044 1828 1282 1901 quieto,
1323 1838 1385 1885 ct
1411 1818 1564 1883 bono
1607 1825 1728 1883 civi
1779 1827 1964 1901 magis
2015 1845 2253 1888 conve.-

393 1908 533 1978 nit,
573 1923 741 1981 quem
778 1906 974 1962 abesse
1006 1923 1041 1961 a
1070 1867 1342 1963 civilib'us
1382 1902 1849 1964 controversiis²
1901 1908 2050 1981 quod
2083 1926 2250 1967 non—

323 2050 329 2055 ,
393 1948 535 2041 null’i
591 2000 721 2041 cum
768 1986 1121 2058 probarent,
1171 1986 1411 2059 periculi
1451 2002 1622 2061 causa
1664 1982 1825 2059 sequi
1869 2002 1982 2043 non
2015 2000 2244 2062 potue-

392 2077 527 2121 runt
551 2104 571 2137 ,
618 2076 677 2120 tu
704 2105 726 2137 ,
751 2067 1055 2138 explorato
1095 2075 1155 2138 et
1208 2066 1343 2121 vitae
1377 2080 1516 2121 meae
1553 2065 1935 2139 testimonio,
1974 2078 2036 2123 et
2078 2070 2248 2125 ami-

394 2146 552 2201 citiae
604 2144 865 2220 judicio,
906 2141 1110 2220 neque'
1136 2145 1358 2217 tutius,
1402 2162 1587 2220 neque
1647 2145 1943 2202 honestius
1985 2150 2248 2223 reperies

341 2286 343 2289 ,
390 2226 746 2303 quidquam,
787 2242 957 2299 quam
1006 2223 1077 2280 ab
1108 2226 1266 2282 omni
1313 2226 1686 2282 contentione
1713 2225 1947 2283 abesse:
1979 2245 2070 2284 xv.
2113 2230 2245 2287 Kal.

388 2306 541 2380 Maji
576 2324 645 2362 ex
678 2306 910 2362 itinere.
957 2304 1127 2363 Vale.
1154 2305 1270 2363 Ex
1309 2304 1433 2373 Cic
1475 2304 2250 2382 tihr.10.ep.adAttic.

392 2388 569 2459 epist.
609 2405 668 2457 9.

512 2466 598 2523 Μ.
630 2464 872 2533 Furium
896 2505 916 2537 ,
947 2482 1117 2541 quem
1138 2466 1287 2521 mihi
1311 2464 1717 2541 commendas,
1745 2467 1838 2521 vel
1871 2484 2066 2543 regem
2088 2464 2242 2527 Gal-

388 2546 479 2600 liae
540 2544 799 2618 faciam,
872 2548 962 2601 vel
1026 2546 1223 2618 Leptae
1263 2549 1559 2620 legatum·
1605 2546 1656 2600 si
1717 2546 1810 2603 vis
1861 2559 1965 2618 tu,
2013 2548 2086 2603 ad
2141 2566 2242 2605 me

388 2625 568 2681 alium
612 2626 824 2699 mitte,
870 2642 1038 2699 quem
1082 2642 1304 2682 ornem.
1347 2624 1457 2681 Ex
1491 2620 1612 2711 Cic.
1649 2622 1788 2681 libr.
1825 2641 1883 2705 7.
1934 2627 2114 2701 epist.
2161 2630 2246 2685 ad

387 2705 563 2767 Fam.
611 2706 787 2777 epist.
813 2721 879 2781 ς.
917 2706 995 2760 ad
1024 2702 1243 2763 Caesar.

508 2784 715 2857 Neque
758 2802 864 2859 pro
898 2797 1113 2859 cauto,
1160 2802 1231 2841 ac
1277 2784 1564 2903 diligente
1593 2800 1656 2842 se
1683 2785 1894 2845 castris
1917 2786 2234 2847 continuit.

388 2864 501 2923 Ex
531 2864 763 2937 Charis.
796 2865 839 2923 Ι.
880 2882 930 2922 1.

506 2940 685 3019 Quid
710 2946 915 3038 quaeris
938 2986 958 3017 ,
1004 2945 1143 3021 quid
1183 2898 1380 3003 Cae'sar
1417 2944 1493 3001 ad
1545 2960 1638 3001 me
1677 2944 2027 3043 scripserit?
2073 2949 2230 3022 quod

382 3042 571 3099 saepe,
602 3026 999 3099 gratissimum
1054 3027 1166 3083 sibi
1216 3044 1385 3097 esse,
1433 3025 1588 3098 quod
1629 3026 1916 3098 quierim:
1961 3039 2228 3101 oratque,

382 3108 448 3163 i‘n
479 3122 546 3163 eo
578 3118 641 3160 ut
676 3120 1054 3179 perseverem.
1083 3105 1193 3162 Ex
1214 3104 1410 3165 Cicer.
1441 3103 1580 3163 libr.
1617 3104 1672 3161 8.
1703 3107 1880 3179 epist.
1913 3108 1996 3165 ad
2017 3107 2232 3166 Attic.

388 3189 579 3263 epist.
622 3202 711 3240 ιι.
2191 3214 2198 3225 ·

501 3264 594 3319 De
635 3248 931 3321 tribunatu
959 3266 1109 3339 quod
1140 3266 1349 3323 scribis
1371 3308 1390 3339 ,
1419 3282 1529 3341 ego
1565 3281 1706 3322 vero
1735 3266 2084 3323 nominatim
2117 3284 2232 3342 pe-

380 3345 495 3404 tivi
521 3341 775 3419 Curtio,
812 3358 875 3403 et
916 3347 1065 3403 mihi
1103 3346 1230 3422 ipse
1278 3345 1471 3405 Caesar
1501 3346 1849 3407 nominatim
1877 3347 2090 3407 Curtio
2117 3366 2224 3423 pa-

2437 2476 2444 2747 Ι
