2459 3834
582 4 673 14 ..s-r-
688 4 947 11 ---»-——---------vv
962 6 981 8 v-

827 202 1159 267 tunna
1253 200 1361 267 xv.
1740 244 1747 263 .
1892 196 2043 271 1'01'

200 302 311 367 pra
332 284 784 350 demonstratum
802 306 923 366 est,
943 310 1064 369 quae
1094 292 1316 367 equites
1344 280 1691 351 sustulerant
1710 334 1731 367 ,
1752 290 1911 353 ’⁶‘ex
1942 316 2039 353 su-

202 373 434 449 periore
463 386 634 447 portu
675 374 789 428 leni
831 385 1007 431 vento
1049 376 1343 430 solverunt
1367 395 1388 446 ς
1415 392 1535 449 quae
1562 392 1691 431 cum
1722 378 2040 449 appropin-

199 452 444 527 quarent
467 454 812 523 Britanniae,
840 467 903 510 et
929 472 1001 511 ex
1028 455 1237 510 castris
1274 455 1645 526 viderentur,
1677 467 1845 513 tanta
1878 470 2045 513 tem-·

197 544 395 607 pestas
424 534 614 591 subito
643 546 842 591 coorta
872 547 1000 605 est,
1029 548 1092 589 ut
1134 536 1287 589 nulla
1329 550 1524 589 earum
1574 551 1799 591 cursum
1842 548 2039 593 tenere

200 626 444 709 posset,
482 614 579 669 sed
608 615 733 669 aliae
764 614 1005 685 eodem,
1035 614 1181 669 unde
1208 627 1375 669 erant
1408 614 1677 687 profecte
1697 655 1718 686 ,
1754 614 2043 673 referren-

201 672 344 763 tur,
375 694 500 747 aliae
525 692 597 747 ad
630 692 966 750 inferiorem
999 706 1217 766 partem
1264 694 1459 749 insulae
1479 734 1499 766 ,
1535 711 1655 768 quae
1684 706 1774 749 est
1806 696 2041 767 propius

203 768 361 827 Solis
389 788 690 845 occasum,
727 790 934 847 magno
962 774 1206 829 suicum
1240 774 1491 845 periculo
1533 776 1592 818 ²⁷
1633 774 2040 848 dejicerentur-3

203 868 332 925 quae
355 866 540 907 tamen
564 892 582 923 ,
613 853 882 910 anchoris
905 852 1076 927 jactis
1097 892 1116 923 ,
1145 868 1273 909 cum
1298 850 1565 908 fluctibus
1589 856 2038 927 complerentur,

205 934 529 992 necessario
567 933 808 989 adversa
861 945 1026 990 nocte
1069 934 1126 987 in
1172 935 1351 987 altum
1382 948 1667 1007 provectae
1687 973 1707 1006 ,
1736 935 2037 991 continen-

207 1022 333 1085 tem
359 1013 701 1087 petiverunt.
735 1012 954 1069 Eadem
985 1024 1152 1069 nocte
1183 1011 1431 1086 accidit,
1456 1025 1519 1069 ut
1548 1026 1695 1069 esset
1724 1014 1877 1069 Luna
1911 1016 2039 1086 ple-

201 1109 281 1147 na
305 1132 324 1163 ‚
353 1110 472 1165 quae
515 1091 838 1149 maritimos
883 1105 1048 1149 aestus
1101 1092 1379 1148 maximos
1435 1092 1495 1147 in
1536 1088 1769 1149 Oceano
1806 1092 2039 1149 efficere

198 1172 552 1242 consuevit,
594 1172 911 1246 nostrisque
941 1172 1004 1227 id
1033 1184 1160 1227 erat
1191 1170 1567 1246 incognitum.
1616 1172 1707 1227 Ita
1736 1190 1847 1229 uno
1880 1188 2041 1229 tem-

201 1269 391 1325 pore,
423 1266 482 1307 et
501 1255 698 1327 longas
720 1268 890 1307 naves
913 1292 932 1321 ,
959 1251 1158 1325 quibus
1178 1248 1368 1308 Caesar
1398 1251 1712 1307 exercitum
1747 1252 2057 1325 (πωροι-ἒ

202 1334 446 1386 tandum
477 1342 778 1387 curaverat
799 1370 818 1402 ,
839 1348 1085 1405 quasque
1110 1332 1170 1386 in
1202 1332 1428 1386 aridum
1460 1330 1841 1409 subduxerat,
1875 1346 2042 1389 aestus

207 1412 579 1483 complebat,
610 1424 671 1467 et
704 1411 1026 1482 onerarias,
1054 1428 1173 1485 quae
1203 1410 1276 1467 ad
1307 1408 1589 1465 anchoras
1618 1424 1782 1466 erant
1810 1412 2044 1485 deliga-

213 1503 312 1569 tae,
335 1503 642 1564 tempestas
673 1488 1007 1547 afflictabat.
1051 1488 1254 1564 Neque
1286 1491 1399 1544 ulla
1428 1490 1641 1546 nostris
1670 1490 1912 1547 facultas
1944 1502 2045 1549 aut

215 1562 699 1643 administrandi,
728 1584 826 1625 aut
850 1570 1165 1630 auxiliandi
1207 1570 1468 1625 dabatur.
1498 1566 1900 1642 Compluribus
1932 1588 2047 1627 na·-

212 1651 381 1707 vibus
410 1650 651 1722 fractis,
683 1651 911 1723 reliquae
937 1666 1064 1705 cum
1097 1661 1327 1721 essent,
1347 1647 1613 1720 funibus,
1640 1650 1930 1721 anchoris,
1954 1667 2049 1705 re.

209 1731 498 1805 liquisque
537 1729 906 1790 armamentis
947 1729 1172 1785 amissis
1195 1768 1212 1795 ,
1243 1728 1315 1783 ad
1369 1728 1747 1803 navigandum
1788 1729 2049 1801 inutiles3

212 1824 466 1883 magna,
501 1810 564 1865 id
605 1810 754 1883 quod
794 1825 1022 1865 necesse
1049 1823 1177 1863 erat
1221 1807 1524 1879 accidere,
1554 1810 1733 1871 totius
1762 1810 2051 1865 exercitus

217 1850 582 1961 perturb’atio
610 1888 764 1944 facta
789 1901 898 1943 est.
940 1888 1136 1961 Neque
1167 1888 1322 1943 enim
1357 1902 1528 1943 naves
1558 1901 1723 1943 erant
1745 1890 1898 1959 aliae,
1920 1890 2049 1962 qui-

219 1968 327 2025 bus
357 1970 644 2055 reportari
677 1980 948 2047 possent,
975 1981 1036 2024 et
1075 1968 1268 2036 omnia
1298 1967 1576 2039 deerant,
1609 1985 1729 2042 quae
1780 1969 1853 2023 ad
1902 1952 2065 2025 refiss

213 2050 450 2105 ciendas
479 2066 584 2103 eas
611 2048 737 2104 usui
762 2056 934 2118 sunt,
966 2060 1026 2103 et
1048 2087 1068 2119 ‚
1091 2047 1241 2122 quod
1276 2046 1533 2103 omnibus
1561 2046 1881 2141 constabat,
1911 2047 2050 2103 hle-

211 2144 380 2185 mare
401 2128 460 2183 in
481 2126 678 2183 Gallia
717 2140 1049 2200 oporteret,
1067 2122 1418 2197 frumentum
1448 2125 1586 2183 his·
1569 2142 1631 2183 in
1656 2127 1840 2185 locis
1824 2144 1884 2183 m
1911 2127 2049 2183 hie-

213 2214 370 2263 mein
403 2206 696 2281 provisum
723 2224 836 2265 non
875 2220 1022 2264 erat.

283 2353 354 2401 26
417 2358 501 2399 Ex
522 2354 936 2411 superformant«.
953 2350 974 2405 )
1004 2349 1102 2399 Vi·
1165 2360 1311 2397 sensu
1340 2354 1515 2397 tuente
1540 2347 1827 2400 librorum·
1850 2356 1907 2399 ut
1934 2348 2055 2399 sru-

217 2414 286 2468 de
309 2416 502 2465 ibidem
527 2417 790 2465 adnotata
1166 2420 1269 2461 stra
1292 2410 1586 2465 eiaceonlus
1604 2416 1909 2475 reficerentur
1931 2426 2055 2463 ma-

289 2490 356 2537 27
423 2480 767 2539 Dejicerentur.
786 2481 807 2531 )
837 2480 1014 2537 Bene,
1044 2490 1106 2526 ae
1167 2475 1341 2526 luerit.

223 2541 434 2604 proprie
461 2542 526 2589 de
552 2544 665 2591 ioco
689 2540 960 2602 inferiore,
987 2554 1106 2589 con-

780 2680 1156 2740 CAPUT
1279 2680 1507 2741 xv11.

219 2842 558 2905 Britanniae
581 2843 912 2917 Principes,
932 2842 1210 2920 colloquio
1242 2843 1399 2900 inter
1420 2860 1484 2903 se
1506 2842 1711 2902 habito
1743 2860 1877 2902 suos
1906 2842 2057 2902 clam

247 2942 349 2985 -ex
378 2925 598 2983 castris
639 2924 965 2982 deducunt:
999 2922 1198 2979 Caesar
1221 2926 1555 2981 necessaria
1585 2934 1889 3006 comparat
1907 2966 1926 3001 ,
1954 2928 2019 2985 in

459 3061 464 3069 ,
535 3005 705 3077 cujus
727 3000 950 3061 milites
991 3004 1245 3080 impetus
1276 3005 1357 3061 ad
1390 3003 1653 3066 hostibus
1672 3003 1774 3076 fit.

315 3082 604 3243 Quibus
633 3164 798 3221 rebus
824 3163 1096 3239 cognitis,
1122 3161 1408 3236 principes
1426 3162 1739 3220 Britanniae
1762 3206 1782 3237 ,
1813 3168 1910 3240 qui
1935 3178 2063 3239 post

235 3246 488 3318 praelium
521 3246 590 3299 ad
613 3262 702 3316 ea,
723 3264 840 3319 quae
860 3244 1098 3319 jusserat
1123 3240 1345 3315 caesar,
1378 3242 1636 3299 facienda
1658 3262 2065 3325 convenerant,

231 3328 390 3380 inter
417 3342 477 3380 se
497 3327 806 3395 collocuti,
827 3339 954 3380 cum
982 3340 1042 3380 et
1071 3322 1313 3397 equites,
1340 3334 1397 3379 et
1426 3330 1617 3396 nav‘es,
1638 3341 1696 3379 et
1718 3318 2065 3382 frumentum

225 3404 508 3465 Romanis
538 3404 732 3465 deesse
760 3405 1194 3481 intelligerent,
1222 3417 1283 3461 ct
1316 3405 1667 3479 paucitatem
1708 3408 1961 3463 militum
1996 3423 2068 3461 ex

2082 1026 2165 1086 29-

2105 3176 2177 3237 30
