2459 3834
907 138 956 192 1.
985 141 1015 192 1
1041 141 1093 192 B
1125 141 1171 194 Ε
1206 139 1263 194 R
1365 144 1422 195 1.
1552 137 1559 144 ’
2006 143 2063 224 3

232 235 296 284 te
341 223 488 298 Jnrn
525 217 818 278 'altissimo
846 260 868 293 ,
917 221 1015 294 qui
1065 233 1155 278 est
1195 221 1350 278 inter
1394 219 1685 296 Sequanos
1712 263 1734 298 ,
1790 235 1852 282 et
1900 225 2061 282 Hei-

232 305 506 377 vetios3'!
549 303 728 359 tertia
759 342 779 375 ,
835 303 962 356 lacn
1003 301 1302 374 Lemano,
1354 314 1416 359 et
1468 301 1703 360 flumine
1746 305 2067 378 Rhodano,

233 387 332 462 qui
370 382 742 474 provinciam.
773 394 1028 438 nostram
1064 382 1135 436 ab
1162 381 1451 438 Helvetiis
1477 381 1713 439 dividit.
1754 385 1866 440 His
1896 386 2065 442 rebus

235 465 459 536 fiebat,
485 476 549 520 ut
576 475 638 517 et
667 461 854 517 minus
883 462 1002 515 late
1033 474 1383 536 vagarentur
1408 497 1429 532 ,
1459 475 1521 519 et
1549 465 1736 520 minus
1777 463 1952 520 facile
1977 463 2061 520 fi·-

235 545 467 602 nitimis
488 543 700 598 beilum
739 539 956 596 inferre
1005 551 1279 614 possent.
1330 557 1439 615 qua
1476 541 1549 607 de
1588 559 1757 600 causa
1800 543 2065 602 homines

233 623 506 680 bellandi
532 622 727 694 cupidi
759 615 966 693 magno
981 618 1190 677 dolore
1218 618 1637 678 afficiebantur.
1690 621 1807 681 Pro
1854 617 2069 680 multi-

241 705 444 760 tudine
472 712 664 758 autem
706 699 1039 772 hominum,
1079 713 1140 756 et
1173 717 1277 776 pro
1302 702 1503 774 gloria
1508 701 1681 775 belli,
1720 717 1892 778 atque
1922 701 2059 760 for-

244 783 514 840 titudinis
535 794 801 856 angustos
821 796 880 834 se
895 739 1039 834 sines
1057 780 1266 835 habere
1286 780 1739 873 arbitrabantur,
1750 785 1849 857 qui
1866 785 1923 842 in
1936 786 2067 839 lon·
2158 813 2178 829 =

243 863 569 938 gitudinem
601 857 625 898 8
667 859 849 915 millia
893 875 1148 932 passuum
1176 876 1332 915 ccxx..
1362 861 1423 915 in
1461 862 1828 918 latitudinem
1867 877 2065 918 cutxx

241 941 541 1016 patebant.
593 939 703 996 His
737 938 899 993 rebus
938 937 1212 1012 adducti,
1246 951 1307 996 et
1353 941 1705 998 auctoritate
1746 939 2067 1017 Orgetori-
2107 941 2154 1016 3‘

241 1023 334 1098 gis
369 1022 656 1094 permoti,
704 1013 1124 1075 constituerunt
1173 1035 1281 1091 en,
1308 1037 1429 1094 quae
1466 1021 1540 1074 ad
1594 1018 2073 1094 proficiscendum

243 1103 646 1192 pertinerent,
675 1111 1032 1170 comparare,
1053 1097 1459 1172 jumentorum,
1487 1112 1549 1156 et
1576 1117 1871 1158 carrorum
1900 1115 2077 1174 quam

181 1182 561 1236 maximum
588 1193 883 1236 numerum
917 1193 1224 1250 coemere,
1250 1191 1537 1236 sementes
1586 1195 1756 1255 quam
1799 1183 2081 1236 maximas

155 1329 162 1335 Ι
247 1259 488 1332 facere,
529 1272 594 1316 ut
625 1259 685 1313 in
725 1258 941 1314 itinere
993 1257 1162 1332 copia
1189 1217 1467 1314 frumenti
1510 1274 1891 1334 suppeteret·
1874 1299 1897 1332 ‚
1947 1275 2081 1314 cum

245 1339 534 1414 proximis
561 1336 916 1393 civitatibus
911 1331 1139 1409 pacem,
1155 1350 1215 1392 et
1248 1337 1568 1394 amicitiam
1594 1337 1955 1396 confirmare.
1988 1337 2087 1396 Ad

249 1435 354 1476 eas
373 1432 468 1474 res
495 1403 876 1474 con‘ficicndas
913 1416 1207 1473 biennium
1236 1416 1347 1472 sibi
1370 1419 1515 1474 satis
1540 1435 1665 1476 esse
1693 1417 2037 1488 duxerunt,
2022 1433 2091 1472 ιιι
2160 1453 2173 1466 .

254 1500 496 1555 tertium
526 1508 738 1554 annum
777 1495 1197 1571 profectionem
1229 1500 1261 1541 ⁹
1302 1499 1427 1572 lege
1454 1497 1820 1554 confirmant.
1862 1498 1959 1554 Ad
1988 1511 2093 1554 eas

255 1595 348 1635 res
375 1575 763 1635 conficiendas
792 1572 1111 1652 Orgetorix
1137 1575 1455 1673 deligitur.
1486 1577 1539 1634 is
1576 1577 1688 1635 sibi
1730 1577 2093 1654 legationem

256 1657 333 1714 ad
379 1660 657 1714 civitates
709 1657 979 1729 suscepit.
1034 1655 1102 1712 ln
1133 1673 1203 1712 eo
1244 1657 1455 1713 itinere
1488 1657 1789 1731 persuadet
1830 1655 2095 1727 Castico,

255 1735 800 1796 Catamantalendis
837 1733 1002 1807 filio,
1031 1734 1333 1810 Sequano,
1356 1735 1513 1810 cujus
1555 1751 1718 1810 pater
1767 1753 2001 1812 regnum
2032 1736 2098 1790 in

261 1815 544 1910 Sequanis
583 1819 796 1873 multos
837 1831 1016 1872 annos
1045 1816 1418 1888 obtinuerat,
1444 1831 1505 1871 et
1534 1833 1569 1872 a
1612 1815 1669 1872 S.
1704 1814 1771 1873 P.
1801 1816 1878 1890 Q.
1924 1815 1997 1870 R.
2036 1815 2100 1852 ¹0

266 1899 489 1953 amicus
525 1899 846 1971 appellatus
875 1908 1044 1966 erat,
1085 1907 1144 1949 ut
1175 1911 1411 1968 regnum
1443 1897 1507 1951 in
1553 1896 1801 1952 civitate
1848 1912 1951 1950 sua
1990 1909 2105 1950 oc·-

268 1987 510 2050 cuperet
535 2015 555 2048 ,
599 1975 759 2049 quod
805 1987 986 2048 pater·
1007 1985 1146 2030 ante
1193 1973 1509 2032 habuerat:
1559 1976 1813 2050 itemque
1840 1973 2108 2032 Dumno-

272 2057 391 2130 rigi
432 2056 670 2128 induo,
715 2055 887 2112 fratri
918 2043 1209 2110 Divitiaci
1231 2091 1254 2126 ,
1290 2055 1390 2128 qui
1432 2071 1503 2112 eo
1554 2067 1817 2128 tempore
1874 2053 2109 2128 princi-

272 2145 475 2208 patum
523 2137 586 2190 iu
657 2135 904 2190 civitate
943 2150 1044 2188 sua
1091 2133 1393 2190 obtinebat
1422 2173 1445 2207 ,
1500 2150 1573 2190 ac
1630 2135 1882 2191 maxime
1954 2130 2113 2204 plebi.

273 2223 548 2288 acceptus
597 2226 727 2269 erat
755 2250 774 2284 ,
824 2227 888 2268 ut
930 2214 1084 2267 idem
1129 2227 1442 2270 conaretur
1472 2215 1880 2287 ,persuadett
1940 2213 2113 2284 eique

272 2290 462 2349 filiam
493 2296 748 2349 suumin
790 2293 1224 2348 matrimonium
1268 2293 1389 2350 dat.
1438 2253 1725 2351 Perfacile
1772 2293 1933 2350 factu
1986 2307 2115 2346 esse

275 2373 402 2429 illis
448 2375 696 2446 probat,
747 2385 956 2428 conata
1023 2369 1351 2444 perficere.
1406 2385 1717 2448 propterea.
1774 2370 1927 2446 quod
1986 2370 2115 2442 ipse

271 2469 388 2509 auae
419 2453 684 2510 civitatis
716 2452 1025 2570 imperium
1055 2451 1394 2510 obtenturus
1440 2465 1635 2558 eget,
1674 2450 1789 2510 no'n
1835 2466 1961 2508 esse
1998 2449 2119 2507 du·

341 2660 379 2709 7
411 2644 554 2698 Lucia
576 2637 801 2699 Lemnio.
823 2647 972 2708 >Qui
1001 2646 1064 2696 ab
1086 2661 1172 2697 ur·
1235 2661 1378 2696 error
1398 2648 1503 2709 sit,
1530 2647 1784 2698 incertum
1826 2634 1917 2696 est.
1948 2649 2128 2694 Meta·-

273 2703 630 2768 beadiacente
660 2718 857 2761 Genava
901 2723 1034 2761 nunc
1072 2723 1172 2760 ιιο-
1238 2712 1472 2772 phrastes
1510 2714 1776 2771 vulgarem
1830 2709 2129 2765 lectionem,

279 2786 404 2826 men
426 2773 592 2823 ducit.
1106 2813 1113 2817 .
1239 2774 1500 2823 milliariis
1515 2774 1567 2824 in
1585 2775 1749 2850 stadia
1766 2771 2127 2830 conversis‚se-

349 2839 378 2886 8
431 2838 604 2886 Miltia
626 2851 830 2896 passum
853 2849 1004 2885 ccxl..
1026 2840 1074 2883 in
1094 2840 1176 2884 la·
1242 2848 1388 2886 cutus
1412 2845 1503 2886 est.

281 2903 370 2950 tir.
407 2913 597 2950 cmxxx.
627 2903 648 2954 )
699 2900 906 2948 Nimius
963 2907 1180 2960 uterque
1306 2909 1339 2958 9
1409 2905 1531 2959 Lege
1557 2901 1853 2954 confirmant.
1873 2899 1893 2950 )
1929 2893 2132 2945 Pactiu-

282 2971 530 3011 numerus
549 2963 788 3010 Cluverio
809 2962 861 3010 in
877 2965 1048 3010 Germ.
1063 2967 1176 3010 Αιι-
1242 2962 1525 3022 ne‚foedere
1550 2961 1945 3020 conjuratorum.
1966 2965 2135 3008 Hotm.

281 3024 381 3086 tiq.
409 3025 496 3074 lib.
528 3037 610 3073 11.
636 3039 744 3086 cap.
760 3037 836 3074 xv.
859 3023 1174 3083 videtur‚cui
1306 3037 1372 3073 10
1436 3031 1627 3072 Amicus
1668 3028 1949 3082 appellatus
1992 3034 2087 3071 est.
2111 3022 2135 3076 >

281 3099 385 3148 pro
398 3089 522 3150 long
525 3089 722 3136 itudine
742 3089 865 3136 satis
886 3097 1002 3136 sunt
1019 3101 1182 3136 cmxx.
1238 3091 1425 3150 Magna
1452 3100 1626 3150 regum
1652 3088 1909 3149 dignitas,
1936 3086 2136 3134 amicos

281 3161 392 3220 pro
433 3151 710 3200 latitudine
759 3163 914 3199 Lxxx-
965 3149 1174 3199 circiter
1237 3152 1301 3199 ab
1330 3159 1505 3199 senatu
1536 3153 1685 3198 Rom.
1721 3149 2014 3210 appellari:
2033 3149 2139 3196 Vi-

285 3209 484 3272 abiecto
537 3207 853 3261 ‘centenario.
913 3213 1177 3278 Appi-ebat
1240 3211 1306 3262 de
1356 3209 1489 3261 infra
1531 3227 1643 3274 cap.
1664 3223 1751 3262 αι.
1782 3221 1909 3261 sect.
1951 3225 2039 3274 43.
2085 3217 2143 3262 et

287 3276 446 3324 Hadr.
479 3277 709 3324 Valesius
755 3275 920 3324 Notit.
943 3278 1076 3326 Gall.
1125 3289 1176 3338 p.
1242 3277 1354 3326 Civ.
1382 3286 1433 3324 ι.
1458 3289 1510 3337 4.
1540 3285 1662 3328 sect.
1686 3288 1737 3326 a.
1758 3275 1891 3326 adde
1914 3275 2140 3326 Livium.

287 3347 411 3400 243.
427 3338 642 3390 casaris
662 3348 867 3400 autem,
889 3350 957 3388 an
975 3335 1177 3389 librarii
1240 3352 1425 3400 xxxi„
1446 3349 1532 3388 ιι.

1486 3401 1659 3460 Aa
