2459 3834
866 134 1393 191 FRAGMENTAae
1901 120 2050 217 583

190 220 491 301 quiddam
532 216 871 293 scripsisse,
921 216 1069 293 quod
1114 234 1223 291 ego
1267 232 1381 273 nun
1431 214 1736 279 intellexi:
1765 236 2052 295 quantum

198 318 411 363 autem
454 302 785 376 conjectura
834 298 1269 371 consequebar‚
1310 298 1538 383 iduerat
1580 300 1904 377 hujusmodi
1927 342 1948 374 ‚
1996 316 2060 357 tu

202 386 404 459 magis
432 383 749 455 optandum
772 421 791 452 ‚
822 395 993 455 quam
1023 378 1370 450 sperandum
1400 392 1683 452 putarem.
1713 382 1918 457 Itaque
1946 399 2063 454 po-

200 478 343 523 stea
384 465 516 520 iuisi
557 464 629 518 ad
674 458 961 518 Caesarem
991 458 1197 515 eodem
1239 459 1346 514 illo
1385 464 1649 533 exemplo
1677 464 1900 520 literas.
1933 462 2054 535 Jo-
2101 480 2106 495 ·

198 560 347 601 cum
378 558 575 603 autem
605 543 761 597 illius
788 541 863 597 de
890 556 995 595 sua
1024 550 1288 613 egestate
1318 556 1389 595 ne
1427 541 1509 595 sis
1535 558 1874 616 aspernatus
1894 584 1916 615 ‚
1943 556 2060 598 etc.

200 624 327 684 Ex
350 622 475 681 Cic.
500 622 543 679 Ι.
566 640 621 679 a.
654 622 830 695 epist.
854 621 933 676 ad
950 615 1278 697 ‚Quintum
1301 620 1578 677 Fratrem
1607 625 1785 697 epist.
1825 642 1849 677 1
1869 642 1916 679 1.

316 703 509 759 »Libri
552 715 683 760 sunt
723 702 1101 773 epistolarum
1138 696 1209 756 C.
1260 697 1506 755 Caesatis
1549 703 1623 758 ad
1668 702 1738 759 C.
1780 700 2092 778 Oppium,-

204 796 275 843 et
302 784 547 856 Balbum
593 780 927 853 Cornelium
954 820 976 852 ‚
1023 779 1123 853 qui
1172 796 1266 836 res
1310 778 1429 855 ejus
1473 781 1728 841 absentis
1757 786 2056 841 curabant.

206 866 287 920 ln
340 864 435 920 his
478 863 741 937 epistolis
786 860 1125 935 quibusdam
1160 858 1221 914 in
1258 860 1404 916 locis
1449 859 1822 919 inveniuntur
1877 865 2063 919 literae

208 946 582 1019 singulares,
612 943 737 1001 sine
788 939 1149 1015 coagmentis
1202 942 1480 1013 syllarum
1505 979 1527 1012 ,
1584 959 1726 1017 quas
1771 956 1832 998 te
1888 959 2053 1017 putes

209 1026 445 1101 positas
483 1024 831 1103 inconditee,
871 1036 1003 1075 nam
1052 1020 1231 1075 verba
1277 1038 1350 1077 ex
1408 1022 1602 1079 literis
1652 1022 1860 1079 confici
1906 1027 2060 1080 nulla‘

210 1117 497 1180 possunt:
551 1118 680 1161 erat
744 1115 936 1159 autem
996 1112 1346 1157 conventum
1395 1101 1550 1157 inter
1601 1120 1700 1160 eos
1743 1103 2066 1159 clandesti-

210 1202 358 1243 num
380 1225 400 1259 ‚
458 1184 533 1241 de
580 1180 991 1241 commutando
1052 1180 1168 1238 situ
1224 1180 1528 1238 literarum
1551 1222 1572 1255 ,
1632 1196 1696 1241 ut
1751 1184 2060 1256 inscriptio

208 1266 456 1341 quidem
485 1264 602 1320 alia
630 1265 758 1321 aliae
786 1264 979 1321 locum
998 1300 1021 1335 ‚
1050 1272 1111 1316 et
1163 1276 1375 1317 nomen
1417 1276 1642 1319 teneret
1662 1284 1687 1336 3
1729 1265 1828 1337 sed
1869 1265 1934 1319 in
1977 1267 2068 1319 le..

206 1346 409 1420 gendo
439 1347 597 1403 locus
626 1344 829 1417 cuique
858 1356 1019 1412 sauz,
1067 1351 1128 1396 et
1176 1353 1435 1413 potestas
1475 1343 1877 1400 restitueretur
1899 1383 1918 1415 ‚
1948 1356 2062 1400 etc.

214 1426 333 1481 Est
380 1438 576 1482 autem
623 1423 802 1480 Probi
848 1420 1241 1478 Grammatiei
1289 1423 1740 1478 commentarius
1769 1424 1912 1479 satis
1953 1441 2066 1478 eu·-

215 1505 379 1563 tiose
424 1506 613 1563 factus
633 1545 653 1577 ,
689 1504 763 1560 de
811 1504 1041 1575 Qcculta
1087 1500 1390 1557 literarum
1446 1500 1876 1577 significatione
1927 1502 2067 1576 epi-

220 1588 507 1645 stolarum
540 1583 612 1643 C.
631 1582 877 1643 Caesaris
902 1582 1272 1655 scriptarum.
1303 1581 1416 1639 Ex
1439 1578 1598 1641 Gen.
1629 1581 1672 1641 Ι.
1714 1599 1805 1660 17¹.
1835 1600 1884 1639 c.
1915 1601 1976 1655 9.

299 1745 413 1802 Ex
450 1742 691 1803 LIBRO
738 1738 1313 1799 EPISTOLARUM
1343 1740 1461 1801 AD
1501 1741 1577 1817 Q.
1625 1740 1977 1799 PEDIUMr

745 1901 945 1963 Caesar
986 1902 1075 1983 Q.
1116 1902 1306 1963 Pedio
1341 1900 1411 1962 S.
1463 1904 1550 1961 D.

344 2065 649 2143 Pompeius
678 2084 741 2123 se
782 2066 998 2140 oppido
1024 2075 1187 2122 tenet
1216 2081 1234 2121 ε
1267 2081 1370 2123 nos
1397 2064 1473 2121 ad
1501 2078 1702 2139 portas
1729 2075 1922 2121 castra
1951 2063 2071 2120 ha-

230 2148 425 2205 bemus
456 2166 472 2205 ε
503 2163 776 2204 conamur
806 2162 949 2218 opus
980 2158 1250 2217 magnum
1288 2183 1306 2212 ,
1349 2157 1410 2199 et
1460 2149 1769 2199 multorum
1819 2144 2070 2214 dierum,

230 2240 469 2303 propter
508 2227 881 2283 altitudinem
934 2222 1287 2279 maris:·sed
1324 2234 1516 2275 tamen
1554 2222 1703 2275 nihil
1743 2234 1833 2275 est
1861 2261 1880 2290 ,
1914 2223 2068 2294 quod

230 2309 424 2380 potius
452 2306 769 2375 faciamus:
796 2306 869 2359 ab
896 2314 1141 2376 utroque
1175 2314 1376 2373 portus
1401 2317 1579 2356 cornu
1605 2301 1786 2355 moles
1805 2299 2068 2373 jacimus,

232 2399 301 2443 ut
333 2400 433 2442 aut
476 2387 637 2442 illum
678 2384 1103 2458 quamprimum
1136 2380 1442 2453 trajicere,
1471 2380 1622 2452 quod
1665 2379 1840 2435 habet
1868 2380 2075 2435 Brun-

236 2465 385 2521 dusii
415 2468 709 2539 copiarum
734 2504 754 2535 ,
788 2480 1059 2537 cogamus
1081 2502 1099 2533 ,
1142 2475 1243 2518 aut
1273 2461 1436 2517 exitu
1483 2460 1905 2535 prohibeamus
1948 2459 2062 2517 Ex

232 2541 355 2605 Cic.
388 2543 528 2603 libr.
572 2545 627 2601 8.
652 2544 832 2619 epist.
859 2544 938 2601 ad
966 2541 1177 2599 Attic.

334 2704 449 2763 Ex
504 2696 743 2762 Lumo
792 2700 1372 2761 EmsTOLARUM
1419 2700 1536 2761 AD
1584 2656 1967 2759 ΡιεόΝΕΜ.

356 2787 653 2843 Locellum
686 2784 800 2842 tibi
838 2785 1128 2860 signatum
1177 2784 1399 2839 remisi.
1449 2782 1560 2839 Ex
1593 2778 1768 2839 Char.
1793 2780 1898 2836 Lx.

602 2870 622 2914 ἱ

316 2946 430 3003 EX
468 2939 709 3003 LIBRO
746 2939 1318 3001 EPISTULARUM
1360 2938 1476 2997 AD
1517 2937 1987 2997 ANTONIUM.

354 3028 511 3083 Nam
547 3029 619 3083 ad
664 3043 763 3083 me
794 3027 957 3081 misit
1004 3023 1296 3081 Antonius
1345 3023 1668 3093 exemplum
1725 3018 1971 3075 Caesaris
2001 3019 2074 3073 ad

250 3123 308 3162 se
348 3109 651 3163 literas-um
676 3146 693 3177 ‚
734 3107 795 3161 in
836 3105 1039 3180 quibus
1075 3115 1344 3160 erat-erse
1392 3102 1681 3158 audivisse
1705 3140 1725 3171 ,
1762 3097 2076 3169 Cannu-em,

254 3196 313 3241 et
356 3187 425 3241 L.
458 3187 768 3245 Metellum
817 3187 879 3240 in
926 3183 1161 3240 Italiam
1208 3181 1437 3239 venisse
1472 3222 1492 3253 ,
1533 3181 1730 3237 Romae
1773 3191 1838 3233 ut
1885 3191 2078 3233 essent

251 3267 475 3339 palam3
500 3268 560 3321 id
600 3267 713 3323 sibi
747 3283 856 3322 uon
887 3258 1161 3337 placere3
1188 3280 1264 3318 ue
1293 3262 1395 3337 qui
1437 3274 1624 3317 motus
1649 3276 1721 3317 ex
1744 3275 1815 3315 eo
1844 3255 2080 3331 fierent;

253 3346 653 3423 prohibet-ique
680 3362 877 3405 omnes
910 3344 1085 3403 Italia
1103 3382 1128 3419 ,
1154 3343 1270 3401 uisi
1297 3358 1538 3419 quorum
1559 3342 1688 3416 ipse
1711 3354 1940 3397 causam
1970 3356 2084 3401 co·-
