2459 3834
462 68 613 163 462
866 90 969 144 ms
1018 86 1262 140 BELLO
1313 86 1506 139 nmx
1517 87 1878 141 mommo

462 175 641 230 sitate
670 172 975 229 adductum
1017 172 1293 241 (namque
1335 168 1392 221 id
1437 172 1609 238 varie*
1629 169 2034 243 nuntiabatur)
2061 180 2312 231 eonsen-

462 253 583 307 tire
620 272 751 311 cum
779 250 1271 308 Cordubensibus:
1303 266 1324 302 1
1344 266 1390 302 1.
1431 254 1737 320 cohortes,
1771 253 2029 325 legiones
2057 273 2152 324 v„
2183 273 2312 328 quae

463 332 697 393 fuerant
754 330 1033 392 Cordubae
1092 331 1153 383 in
1207 329 1522 406 praesidio.,
1575 333 1730 391 idem
1793 332 2004 389 facere.
2067 332 2312 393 Cassius

464 412 559 470 his
604 416 768 470 rebus
796 402 1055 471 incetisus
1088 421 1280 466 movet
1310 424 1498 465 castra
1519 450 1540 482 ,
1570 426 1630 467 et
1667 430 1894 481 postero
1937 414 2032 469 die
2075 416 2140 458 75
2184 414 2314 471 Se..

465 493 697 569 goviam
738 492 811 552 ad
840 491 1047 551 flumen
1089 488 1367 549 Silicense
1398 492 1574 551 venir.
1627 492 1716 550 Ibi
1771 494 1968 548 habita
1995 496 2308 567 concione,

470 576 729 630 militurn
786 586 971 628 tentat
1018 572 1278 629 animos:
1329 588 1469 643 quos
1497 574 1792 641 cognoscit
1815 614 1834 647 ,
1866 591 1975 627 non
2017 591 2114 629 sua
2137 615 2158 644 ‚
2195 578 2310 633 sed

468 648 710 709 Caesaris
756 652 1006 714 absentis
1028 690 1047 722 ,
1084 668 1253 707 causa
1299 648 1606 711 fidissimos
1647 670 1768 708 esse
1791 692 1812 722 ,
1849 656 2166 727 nullumque
2197 674 2308 728 pe..

470 734 709 795 riculum
758 736 1211 807 deprecatur-0⁵,
1250 732 1381 790 dum
1435 745 1533 807 per
1578 750 1677 787 eos
1725 731 1940 789 Caesari
1999 736 2316 807 provincia

358 806 432 888 58
476 816 898 873 restitueretur.
941 813 1183 870 Interim
1216 811 1466 867 Thorius
1489 813 1560 866 ad
1601 810 1928 867 Cordubam
1961 828 2190 874 veteres
2223 819 2314 871 le.

470 895 669 969 giones
698 896 931 951 adducit
953 934 973 967 ,
1016 909 1084 948 ac
1125 910 1195 947 ne
1221 894 1593 947 dissensionis
1642 893 1875 950 initium
1907 906 2114 951 uatum
2145 897 2314 955 sedi·

472 976 623 1033 tiosa
656 976 907 1031 militum
929 1013 950 1046 ‚
989 990 1197 1045 suaque
1228 972 1520 1028 videretur
1553 987 1798 1045 natur-23
1837 975 2006 1029 simul
2043 988 2106 1030 ut
2153 992 2316 1031 con-

470 1068 567 1112 tra
612 1054 688 1130 Q.
728 1054 1032 1125 Cassium,
1078 1054 1177 1127 qui
1225 1051 1466 1111 Caesaris
1515 1054 1744 1113 nomine
1797 1054 2104 1126 majoribus
2148 1057 2314 1111 viri-

470 1135 577 1195 bus
614 1138 699 1195 uti
744 1137 1274 1207 videbatui-,teque
1321 1144 1617 1205 potentem
1656 1149 1976 1207 opponeret
2025 1135 2309 1209 dignita-

473 1228 639 1289 tem·,
668 1214 776 1283 Cn,
812 1214 1081 1288 Pompejo
1116 1230 1179 1269 se
1224 1214 1580 1285 provinciam
1619 1230 1960 1286 recuperare
1995 1221 2148 1272 velle
2193 1234 2318 1287 pa-

472 1298 591 1351 lam
620 1296 949 1355 dictitabat.
980 1292 1057 1349 Et
1090 1293 1336 1369 forsitan
1371 1294 1550 1349 etiam
1593 1294 1703 1349 hoc
1745 1293 1946 1355 fecerit
1995 1295 2134 1353 odio
2165 1296 2316 1353 Cae-

475 1378 666 1449 saris,
708 1390 769 1439 et
815 1376 999 1435 amori
1044 1371 1342 1447 Pompeji‚
1383 1373 1536 1447 cujus
1577 1390 1781 1431 nomen
1835 1378 2076 1435 multum
2131 1391 2316 1449 pote-

478 1470 573 1514 rat
604 1458 753 1533 apud
782 1474 879 1513 eas
916 1455 1167 1529 legiones
1189 1493 1209 1527 ,
1247 1470 1384 1527 quas
1423 1451 1512 1509 Μ.
1551 1452 1744 1511 Varro
1775 1454 2156 1529 obtinuerat;
2207 1458 2318 1515 sed

480 1538 545 1595 id
588 1554 697 1613 qua
730 1548 922 1595 mente
961 1549 1280 1591 commotus
1317 1532 1526 1607 fecerit
1555 1572 1574 1602 ,
1619 1533 1952 1606 conjectura
1993 1537 2136 1591 seiri
2193 1556 2320 1597 non

386 1634 393 1647 ¹
482 1631 695 1692 potest.
724 1615 902 1677 Certe
938 1616 1049 1671 hoc
1082 1632 1192 1688 prae
1222 1630 1286 1669 se
1315 1612 1564 1669 Thorius
1599 1612 1822 1672 ferebat
1850 1632 1866 1673 z
1907 1616 2128 1672 milites
2169 1618 2324 1678 adeo

481 1698 852 1770 fatebantur,
894 1709 954 1753 ut
988 1693 1097 1753 Cn.
1137 1692 1393 1769 Pbmpeji
1434 1710 1637 1750 nomen
1674 1694 1734 1749 in
1765 1696 1944 1755 scutis
1967 1697 2322 1769 inscriptum

485 1778 806 1834 haberent:
859 1777 1025 1851 eique
1066 1774 1328 1849 frequens
1381 1774 1676 1849 regionum
1714 1789 2030 1832 conventus
2073 1776 2322 1836 obviam

485 1853 935 1931 prodit,'neque
971 1869 1191 1913 tantum
1241 1854 1536 1927 virorum,
1572 1855 1668 1911 sed
1721 1855 1901 1913 etiarn
1957 1858 2324 1918 matrumfa-

486 1937 679 1993 milias
728 1953 797 1991 ac
837 1933 896 1979 ⁷⁶
952 1946 1416 2005 praetextatorum
1459 1950 1474 1993 z
1535 1934 2026 2010 deprecaturque,
2079 1952 2150 1993 ne
2197 1939 2326 1996 ho·-

486 2017 609 2073 stili
644 2017 893 2077 adventu
927 2013 1252 2071 Cordubam
1281 2014 1604 2089 diriperent
1624 2032 1639 2071 :
1659 2050 1662 2055 -
1683 2031 1814 2073 nam
1843 2032 1902 2070 se
1925 2029 2130 2074 eontra
2156 2018 2328 2076 Cns-

488 2094 635 2154 sium
678 2096 895 2155 sentire
932 2112 1061 2151 cum
1100 2094 1404 2165 omnibus,
1441 2105 1642 2150 contra
1679 2092 1968 2154 cesarem
2009 2114 2080 2153 ne
2123 2098 2326 2158 faeere

377 2190 453 2252 59
493 2189 867 2251 cogerentur,
894 2192 1080 2233 orare.
1130 2172 1336 2229 Tanrae
1372 2174 1754 2231 multitudinis
1793 2176 2051 2249 precibus
2074 2218 2092 2247 ,
2119 2192 2182 2234 et
2223 2184 2328 2237 la-

489 2257 709 2331 crymis
754 2257 1039 2319 exercitus
1086 2268 1441 2326 commotus,
1471 2271 1606 2310 cum
1657 2256 1884 2311 videret
1932 2258 2007 2311 ad
2049 2255 2328 2319 Cassium

491 2338 939 2412 persequendum
982 2336 1132 2393 nihil
1160 2326 1318 2407 opus‘
1343 2352 1463 2391 esse
1489 2332 1599 2391 Cn.
1643 2334 1901 2410 Pompeii
1935 2340 2168 2393 nomine
2190 2380 2211 2411 ‚
2257 2355 2326 2402 et

492 2417 812 2489 memoria,
858 2430 1087 2491 tamque
1124 2416 1385 2473 omnibus
1421 2413 1799 2488 Caesarianis,
1849 2434 2020 2490 quam
2061 2417 2330 2492 Pompe·-
2445 2478 2447 2489 ,

489 2495 640 2570 janis
686 2496 1009 2571 Longinum
1068 2512 1194 2553 esse
1250 2496 1312 2551 in
1349 2496 1534 2566 odio,
1596 2512 1775 2568 neque
1827 2514 1888 2552 se
1947 2514 2328 2575 conventum,
2445 2491 2447 2541 ¹

494 2593 678 2649 neque
708 2574 795 2633 Μ.
842 2576 1183 2633 Marcellum
1212 2588 1417 2633 contra
1445 2572 1688 2631 Caesaris
1718 2592 1946 2633 causam
1978 2595 2141 2653 posse
2186 2598 2336 2651 per-
2446 2574 2447 2583 ’

494 2657 745 2735 ἀυεοτοῆ
795 2674 1001 2719 nomen
1040 2655 1300 2739 Pompeji
1337 2673 1409 2718 ex
1453 2657 1633 2716 scutis
1659 2656 2102 2739 ¹‹intras-erunt5
2144 2660 2332 2723 Mar.-

530 2874 599 2926 75
633 2869 888 2925 segoviam
907 2867 969 2915 ad
990 2870 1165 2923 flumen
1177 2867 1378 2914 silicem-
1441 2870 1554 2917 turn
1579 2876 1642 2913 ex
1667 2863 1878 2917 collibus
1898 2864 2177 2925 Algamitas
2191 2866 2330 2917 (un-s

499 2930 600 2993 re.)
628 2931 781 2977 Nulla
806 2929 859 2983 in
888 2928 984 2981 hoc
1007 2938 1228 2979 tractatu
1260 2935 1378 2977 nota
1443 2928 1507 2975 de
1555 2940 1738 2975 nornen
1779 2926 1930 2977 hodie
1966 2928 2072 2974 fere
2113 2929 2342 2985 dicitur)

499 2992 714 3052 segovia
737 3026 751 3052 ,
774 2993 1012 3053 SegontIa
1037 3004 1211 3041 autem
1231 3028 1247 3051 ‚
1270 2992 1380 3041 sive
1444 2991 1497 3039 in
1518 2992 1936 3051 septemtrionem
1956 2990 2100 3049 fluit,
2124 3001 2177 3039 et
2205 3006 2334 3059 pro-

500 3055 741 3116 Saguntia
755 3056 1248 3116 Plinli‚'2oeyouwrioe
1263 3058 1381 3107 Pto·
1444 3067 1512 3117 pe
1536 3056 1698 3117 Astigi
1731 3056 1969 3103 miscetur
1997 3054 2213 3121 singull.

500 3119 703 3177 lemaei,
726 3116 857 3185 infra
886 3120 1139 3180 Hispalim
1167 3128 1242 3171 est
1271 3122 1378 3167 Ga-
1475 3122 1542 3179 7⁶
1578 3121 2030 3175 Praete-staterum.)
2048 3121 2336 3171 Puerorum

501 3182 591 3229 des
614 3194 787 3229 versus
802 3216 817 3239 ,
841 3194 925 3231 seu
958 3184 1091 3233 inter
1115 3183 1381 3242 Mundam,
1444 3183 1942 3233 adolescentulorum
1963 3217 1978 3241 ‚
2005 3183 2092 3244 qui
2125 3184 2334 3240 virilem.

504 3253 559 3292 et
586 3245 897 3293 Nebrissam.
932 3251 1157 3295 Silicense
1186 3246 1381 3293 flumen
1444 3254 1621 3308 togam
1643 3247 1873 3297 nondum
1896 3258 2241 3309 sumpserant.

505 3308 683 3357 Ambr.
694 3308 881 3357 Morali
891 3318 968 3359 est
982 3309 1129 3371 illud,
1138 3308 1276 3373 quod
1291 3322 1385 3359 or-
