<?xml version="1.0" encoding="UTF-8"?>
<!DOCTYPE html PUBLIC "-//W3C//DTD XHTML 1.0 Transitional//EN"
    "http://www.w3.org/TR/xhtml1/DTD/xhtml1-transitional.dtd">
<html xmlns="http://www.w3.org/1999/xhtml" xml:lang="en" lang="en">
 <head>
  <title>
</title>
<meta http-equiv="Content-Type" content="text/html;charset=utf-8" />
  <meta name='ocr-system' content='tesseract 3.04.00' />
  <meta name='ocr-capabilities' content='ocr_page ocr_carea ocr_par ocr_line ocrx_word'/>
</head>
<body>
  <div class='ocr_page' id='page_1' title='image "./cjuliicsariscom00lagogoog/cjuliicsariscom00lagogoog_0475.png"; bbox 0 0 2459 3834; ppageno 0'>
   <div class='ocr_carea' id='block_1_1' title="bbox 718 86 2076 366">
    <p class='ocr_par' dir='ltr' id='par_1_1' title="bbox 718 86 2076 366">
     <span class='ocr_line' id='line_1_1' title="bbox 869 86 2076 199; baseline 0.001 -23"><span class='ocrx_word' id='word_1_1' title='bbox 869 123 1019 176; x_wconf 78' lang='lat' dir='ltr'>mn.</span> <span class='ocrx_word' id='word_1_2' title='bbox 1044 86 1119 176; x_wconf 70' lang='lat' dir='ltr'>A.</span> <span class='ocrx_word' id='word_1_3' title='bbox 1154 123 1431 178; x_wconf 73' lang='lat' dir='ltr'>Hm‘ru.</span> <span class='ocrx_word' id='word_1_4' title='bbox 1502 143 1508 150; x_wconf 93' lang='lat'><strong>·</strong></span> <span class='ocrx_word' id='word_1_5' title='bbox 1921 99 2076 199; x_wconf 75' lang='lat'>465</span> 
     </span>
     <span class='ocr_line' id='line_1_2' title="bbox 718 279 1488 366; baseline 0.004 -29"><span class='ocrx_word' id='word_1_6' title='bbox 718 361 724 366; x_wconf 25' lang='grc'><strong>,</strong></span> <span class='ocrx_word' id='word_1_7' title='bbox 809 279 861 337; x_wconf 90' lang='lat' dir='ltr'>c</span> <span class='ocrx_word' id='word_1_8' title='bbox 900 281 957 338; x_wconf 88' lang='lat' dir='ltr'>A</span> <span class='ocrx_word' id='word_1_9' title='bbox 998 281 1142 340; x_wconf 82' lang='grc' dir='ltr'>Ριι</span> <span class='ocrx_word' id='word_1_10' title='bbox 1184 282 1238 340; x_wconf 82' lang='grc' dir='ltr'>Τ</span> <span class='ocrx_word' id='word_1_11' title='bbox 1318 281 1488 340; x_wconf 73' lang='lat' dir='ltr'>xm.</span> 
     </span>
    </p>
   </div>
   <div class='ocr_carea' id='block_1_2' title="bbox 240 433 2086 1028">
    <p class='ocr_par' dir='ltr' id='par_1_2' title="bbox 240 433 2086 998">
     <span class='ocr_line' id='line_1_3' title="bbox 240 433 2074 520; baseline 0.001 -20"><span class='ocrx_word' id='word_1_12' title='bbox 240 441 381 500; x_wconf 83' lang='lat' dir='ltr'>Rex</span> <span class='ocrx_word' id='word_1_13' title='bbox 408 441 627 520; x_wconf 83' lang='lat' dir='ltr'>Bogud</span> <span class='ocrx_word' id='word_1_14' title='bbox 651 433 732 496; x_wconf 77' lang='lat' dir='ltr'>a&#39;d</span> <span class='ocrx_word' id='word_1_15' title='bbox 758 437 1023 498; x_wconf 77' lang='lat' dir='ltr'>Cassium</span> <span class='ocrx_word' id='word_1_16' title='bbox 1050 459 1175 500; x_wconf 72' lang='lat' dir='ltr'>cram</span> <span class='ocrx_word' id='word_1_17' title='bbox 1206 443 1393 516; x_wconf 79' lang='lat' dir='ltr'>copiis</span> <span class='ocrx_word' id='word_1_18' title='bbox 1420 441 1614 513; x_wconf 79' lang='lat' dir='ltr'>venit,</span> <span class='ocrx_word' id='word_1_19' title='bbox 1642 457 1778 500; x_wconf 78' lang='lat' dir='ltr'>acre</span> <span class='ocrx_word' id='word_1_20' title='bbox 1800 442 2074 518; x_wconf 66' lang='lat' dir='ltr'>praelium</span> 
     </span>
     <span class='ocr_line' id='line_1_4' title="bbox 242 507 2082 594; baseline 0.001 -16"><span class='ocrx_word' id='word_1_21' title='bbox 242 532 442 580; x_wconf 83' lang='lat' dir='ltr'>contra</span> <span class='ocrx_word' id='word_1_22' title='bbox 487 519 841 580; x_wconf 67' lang='lat' dir='ltr'>filare-ellum</span> <span class='ocrx_word' id='word_1_23' title='bbox 884 507 1284 578; x_wconf 80' lang='lat' dir='ltr'><em>committitur.</em></span> <span class='ocrx_word' id='word_1_24' title='bbox 1329 521 1560 594; x_wconf 80' lang='lat' dir='ltr'>Lepido</span> <span class='ocrx_word' id='word_1_25' title='bbox 1588 521 1781 580; x_wconf 84' lang='lat' dir='ltr'><em>Ullam</em></span> <span class='ocrx_word' id='word_1_26' title='bbox 1809 524 2082 580; x_wconf 69' lang='lat' dir='ltr'>venienti</span> 
     </span>
     <span class='ocr_line' id='line_1_5' title="bbox 240 597 2084 675; baseline 0.002 -19"><span class='ocrx_word' id='word_1_27' title='bbox 240 603 639 658; x_wconf 81' lang='lat' dir='ltr'><em>contentiones</em></span> <span class='ocrx_word' id='word_1_28' title='bbox 668 600 826 656; x_wconf 81' lang='lat' dir='ltr'>inter</span> <span class='ocrx_word' id='word_1_29' title='bbox 857 597 1117 659; x_wconf 77' lang='lat' dir='ltr'>Carsium</span> <span class='ocrx_word' id='word_1_30' title='bbox 1139 639 1158 672; x_wconf 89' lang='lat'><em>,</em></span> <span class='ocrx_word' id='word_1_31' title='bbox 1189 612 1252 658; x_wconf 82' lang='lat' dir='ltr'>et</span> <span class='ocrx_word' id='word_1_32' title='bbox 1283 599 1639 659; x_wconf 78' lang='lat' dir='ltr'>Marcellum</span> <span class='ocrx_word' id='word_1_33' title='bbox 1681 605 2084 675; x_wconf 70' lang='lat' dir='ltr'>compos-ituro,</span> 
     </span>
     <span class='ocr_line' id='line_1_6' title="bbox 243 679 2084 758; baseline 0.001 -22"><span class='ocrx_word' id='word_1_34' title='bbox 243 679 577 736; x_wconf 74' lang='lat' dir='ltr'>Marcellus·</span> <span class='ocrx_word' id='word_1_35' title='bbox 595 697 659 736; x_wconf 85' lang='lat' dir='ltr'>se</span> <span class='ocrx_word' id='word_1_36' title='bbox 674 681 1021 751; x_wconf 73' lang='lat' dir='ltr'><em>committit,</em></span> <span class='ocrx_word' id='word_1_37' title='bbox 1051 691 1225 757; x_wconf 73' lang='lat' dir='ltr'>atque</span> <span class='ocrx_word' id='word_1_38' title='bbox 1263 697 1384 740; x_wconf 79' lang='lat' dir='ltr'>cum</span> <span class='ocrx_word' id='word_1_39' title='bbox 1417 697 1483 738; x_wconf 86' lang='lat' dir='ltr'>eo</span> <span class='ocrx_word' id='word_1_40' title='bbox 1521 692 1720 737; x_wconf 75' lang='lat' dir='ltr'>castra</span> <span class='ocrx_word' id='word_1_41' title='bbox 1749 683 2084 758; x_wconf 76' lang='lat' dir='ltr'>conjungit3</span> 
     </span>
     <span class='ocr_line' id='line_1_7' title="bbox 245 757 2086 833; baseline 0.002 -19"><span class='ocrx_word' id='word_1_42' title='bbox 245 758 382 814; x_wconf 80' lang='lat' dir='ltr'>inde</span> <span class='ocrx_word' id='word_1_43' title='bbox 435 757 675 824; x_wconf 74' lang='lat' dir='ltr'>Cassius</span> <span class='ocrx_word' id='word_1_44' title='bbox 694 797 717 830; x_wconf 88' lang='lat'>,</span> <span class='ocrx_word' id='word_1_45' title='bbox 766 769 829 815; x_wconf 82' lang='lat' dir='ltr'>et</span> <span class='ocrx_word' id='word_1_46' title='bbox 854 759 1187 818; x_wconf 76' lang='lat' dir='ltr'>Marcellus</span> <span class='ocrx_word' id='word_1_47' title='bbox 1224 757 1542 817; x_wconf 82' lang='lat' dir='ltr'><em>Cordubam</em></span> <span class='ocrx_word' id='word_1_48' title='bbox 1568 771 1800 833; x_wconf 80' lang='lat' dir='ltr'>petunt.</span> <span class='ocrx_word' id='word_1_49' title='bbox 1844 761 2086 820; x_wconf 73' lang='lat' dir='ltr'>Cassius</span> 
     </span>
     <span class='ocr_line' id='line_1_8' title="bbox 283 837 2045 910; baseline 0.001 -16"><span class='ocrx_word' id='word_1_50' title='bbox 283 841 539 896; x_wconf 76' lang='lat' dir='ltr'>adventu</span> <span class='ocrx_word' id='word_1_51' title='bbox 559 837 877 898; x_wconf 79' lang='lat' dir='ltr'>Trebonii</span> <span class='ocrx_word' id='word_1_52' title='bbox 854 857 916 896; x_wconf 82' lang='lat' dir='ltr'><em>m</em></span> <span class='ocrx_word' id='word_1_53' title='bbox 948 837 1310 910; x_wconf 78' lang='lat' dir='ltr'><em>Narbonem,</em></span> <span class='ocrx_word' id='word_1_54' title='bbox 1324 839 1452 896; x_wconf 82' lang='lat' dir='ltr'>dum</span> <span class='ocrx_word' id='word_1_55' title='bbox 1481 839 1779 896; x_wconf 83' lang='lat' dir='ltr'><em>Malacam</em></span> <span class='ocrx_word' id='word_1_56' title='bbox 1800 852 2045 897; x_wconf 75' lang='lat' dir='ltr'>conten-</span> 
     </span>
     <span class='ocr_line' id='line_1_9' title="bbox 646 915 1682 1028; baseline 0 -54"><span class='ocrx_word' id='word_1_57' title='bbox 646 919 771 989; x_wconf 83' lang='lat' dir='ltr'>dit,</span> <span class='ocrx_word' id='word_1_58' title='bbox 800 919 864 974; x_wconf 80' lang='lat' dir='ltr'>in</span> <span class='ocrx_word' id='word_1_59' title='bbox 891 916 1067 974; x_wconf 80' lang='lat' dir='ltr'>Ibero</span> <span class='ocrx_word' id='word_1_60' title='bbox 1082 915 1272 1028; x_wconf 75' lang='lat' dir='ltr'>fluvio</span> <span class='ocrx_word' id='word_1_61' title='bbox 1303 920 1682 998; x_wconf 77' lang='lat' dir='ltr'><em>demergitur.</em></span> 
     </span>
    </p>
   </div>
   <div class='ocr_carea' id='block_1_3' title="bbox 223 1019 2240 2904">
    <p class='ocr_par' dir='ltr' id='par_1_3' title="bbox 248 1019 2240 2504">
     <span class='ocr_line' id='line_1_10' title="bbox 328 1019 2240 1154; baseline 0 -20"><span class='ocrx_word' id='word_1_62' title='bbox 328 1019 603 1140; x_wconf 79' lang='lat' dir='ltr'>Paucis</span> <span class='ocrx_word' id='word_1_63' title='bbox 632 1078 831 1134; x_wconf 85' lang='lat' dir='ltr'>diebus</span> <span class='ocrx_word' id='word_1_64' title='bbox 858 1078 1049 1135; x_wconf 83' lang='lat' dir='ltr'>literis</span> <span class='ocrx_word' id='word_1_65' title='bbox 1087 1075 1277 1135; x_wconf 84' lang='lat' dir='ltr'>Cassii</span> <span class='ocrx_word' id='word_1_66' title='bbox 1309 1078 1600 1150; x_wconf 81' lang='lat' dir='ltr'>acceptis,</span> <span class='ocrx_word' id='word_1_67' title='bbox 1651 1081 1712 1124; x_wconf 81' lang='lat'>⁷⁹</span> <span class='ocrx_word' id='word_1_68' title='bbox 1755 1096 1854 1135; x_wconf 82' lang='lat' dir='ltr'>rex</span> <span class='ocrx_word' id='word_1_69' title='bbox 1883 1077 2075 1154; x_wconf 86' lang='lat' dir='ltr'><strong>Bogud</strong></span> <span class='ocrx_word' id='word_1_70' title='bbox 2122 1065 2240 1150; x_wconf 66' lang='lat'>62</span> 
     </span>
     <span class='ocr_line' id='line_1_11' title="bbox 248 1155 2084 1232; baseline 0 -18"><span class='ocrx_word' id='word_1_71' title='bbox 248 1173 377 1214; x_wconf 85' lang='lat' dir='ltr'>cum</span> <span class='ocrx_word' id='word_1_72' title='bbox 406 1159 592 1232; x_wconf 86' lang='lat' dir='ltr'>copiis</span> <span class='ocrx_word' id='word_1_73' title='bbox 620 1158 819 1214; x_wconf 81' lang='lat' dir='ltr'>venit·</span> <span class='ocrx_word' id='word_1_74' title='bbox 801 1197 824 1230; x_wconf 89' lang='lat'><em>,</em></span> <span class='ocrx_word' id='word_1_75' title='bbox 854 1155 1225 1232; x_wconf 78' lang='lat' dir='ltr'>adjungitque</span> <span class='ocrx_word' id='word_1_76' title='bbox 1260 1158 1320 1212; x_wconf 88' lang='lat' dir='ltr'>ei</span> <span class='ocrx_word' id='word_1_77' title='bbox 1347 1158 1654 1232; x_wconf 82' lang='lat' dir='ltr'>legionem,</span> <span class='ocrx_word' id='word_1_78' title='bbox 1696 1175 1862 1232; x_wconf 85' lang='lat' dir='ltr'>quam</span> <span class='ocrx_word' id='word_1_79' title='bbox 1895 1175 2084 1214; x_wconf 88' lang='lat' dir='ltr'>secum</span> 
     </span>
     <span class='ocr_line' id='line_1_12' title="bbox 248 1236 2088 1310; baseline 0 -16"><span class='ocrx_word' id='word_1_80' title='bbox 248 1239 605 1308; x_wconf 75' lang='lat' dir='ltr'>adduxe-rat,</span> <span class='ocrx_word' id='word_1_81' title='bbox 650 1241 1079 1310; x_wconf 62' lang='lat' dir='ltr'>compluresque</span> <span class='ocrx_word' id='word_1_82' title='bbox 1108 1236 1379 1294; x_wconf 80' lang='lat' dir='ltr'>cohortes</span> <span class='ocrx_word' id='word_1_83' title='bbox 1419 1237 1749 1294; x_wconf 67' lang='lat' dir='ltr'>auxiliariae»</span> <span class='ocrx_word' id='word_1_84' title='bbox 1785 1239 2088 1310; x_wconf 86' lang='lat' dir='ltr'>Hispano—</span> 
     </span>
     <span class='ocr_line' id='line_1_13' title="bbox 252 1315 2092 1391; baseline 0 -18"><span class='ocrx_word' id='word_1_85' title='bbox 252 1335 399 1374; x_wconf 84' lang='lat' dir='ltr'>rum.</span> <span class='ocrx_word' id='word_1_86' title='bbox 448 1317 713 1391; x_wconf 82' lang='lat' dir='ltr'>Namque</span> <span class='ocrx_word' id='word_1_87' title='bbox 763 1329 827 1371; x_wconf 89' lang='lat' dir='ltr'>ut</span> <span class='ocrx_word' id='word_1_88' title='bbox 875 1317 935 1370; x_wconf 88' lang='lat' dir='ltr'>in</span> <span class='ocrx_word' id='word_1_89' title='bbox 994 1315 1262 1372; x_wconf 83' lang='lat' dir='ltr'>civilibus</span> <span class='ocrx_word' id='word_1_90' title='bbox 1299 1315 1774 1373; x_wconf 73' lang='lat' dir='ltr'><strong>dissensionibus</strong></span> <span class='ocrx_word' id='word_1_91' title='bbox 1825 1319 2092 1374; x_wconf 84' lang='lat' dir='ltr'>accidere</span> 
     </span>
     <span class='ocr_line' id='line_1_14' title="bbox 251 1392 2158 1468; baseline 0.001 -18"><span class='ocrx_word' id='word_1_92' title='bbox 251 1397 556 1468; x_wconf 64' lang='lat' dir='ltr'>,consuevit</span> <span class='ocrx_word' id='word_1_93' title='bbox 578 1435 599 1468; x_wconf 92' lang='lat'><em>,</em></span> <span class='ocrx_word' id='word_1_94' title='bbox 653 1397 739 1452; x_wconf 85' lang='lat' dir='ltr'>ita</span> <span class='ocrx_word' id='word_1_95' title='bbox 793 1396 1145 1467; x_wconf 78' lang='lat' dir='ltr'>temporibus</span> <span class='ocrx_word' id='word_1_96' title='bbox 1197 1395 1315 1451; x_wconf 79' lang='lat' dir='ltr'>illis</span> <span class='ocrx_word' id='word_1_97' title='bbox 1366 1395 1426 1450; x_wconf 87' lang='lat' dir='ltr'>in</span> <span class='ocrx_word' id='word_1_98' title='bbox 1476 1395 1758 1468; x_wconf 80' lang='lat' dir='ltr'>Hispania</span> <span class='ocrx_word' id='word_1_99' title='bbox 1809 1401 2094 1452; x_wconf 63' lang='lat' dir='ltr'>nonnulle</span> <span class='ocrx_word' id='word_1_100' title='bbox 2155 1392 2158 1398; x_wconf 83' lang='grc'><strong>’</strong></span> 
     </span>
     <span class='ocr_line' id='line_1_15' title="bbox 256 1472 2096 1546; baseline -0.001 -14"><span class='ocrx_word' id='word_1_101' title='bbox 256 1477 529 1533; x_wconf 83' lang='lat' dir='ltr'>civitates</span> <span class='ocrx_word' id='word_1_102' title='bbox 570 1475 738 1532; x_wconf 87' lang='lat' dir='ltr'>rebus</span> <span class='ocrx_word' id='word_1_103' title='bbox 768 1472 954 1531; x_wconf 84' lang='lat' dir='ltr'>Cassii</span> <span class='ocrx_word' id='word_1_104' title='bbox 987 1474 1340 1545; x_wconf 63' lang='lat' dir='ltr'>studebant,</span> <span class='ocrx_word' id='word_1_105' title='bbox 1373 1475 1560 1546; x_wconf 85' lang='lat' dir='ltr'>plures</span> <span class='ocrx_word' id='word_1_106' title='bbox 1617 1473 1902 1534; x_wconf 80' lang='lat' dir='ltr'>Marcello</span> <span class='ocrx_word' id='word_1_107' title='bbox 1932 1475 2096 1531; x_wconf 79' lang='lat' dir='ltr'>fabe-</span> 
     </span>
     <span class='ocr_line' id='line_1_16' title="bbox 257 1554 2098 1628; baseline 0 -16"><span class='ocrx_word' id='word_1_108' title='bbox 257 1556 418 1612; x_wconf 84' lang='lat' dir='ltr'>bant.</span> <span class='ocrx_word' id='word_1_109' title='bbox 461 1555 712 1614; x_wconf 81' lang='lat' dir='ltr'>Accedit</span> <span class='ocrx_word' id='word_1_110' title='bbox 742 1572 871 1610; x_wconf 84' lang='lat' dir='ltr'>cum</span> <span class='ocrx_word' id='word_1_111' title='bbox 900 1554 1089 1626; x_wconf 84' lang='lat' dir='ltr'>copiis</span> <span class='ocrx_word' id='word_1_112' title='bbox 1131 1554 1326 1628; x_wconf 81' lang='lat' dir='ltr'>Bogud</span> <span class='ocrx_word' id='word_1_113' title='bbox 1360 1554 1434 1608; x_wconf 85' lang='lat' dir='ltr'>ad</span> <span class='ocrx_word' id='word_1_114' title='bbox 1473 1554 1788 1611; x_wconf 76' lang='lat' dir='ltr'>exteriores</span> <span class='ocrx_word' id='word_1_115' title='bbox 1820 1555 2098 1615; x_wconf 77' lang='lat' dir='ltr'>Marcelli</span> 
     </span>
     <span class='ocr_line' id='line_1_17' title="bbox 260 1632 2102 1712; baseline 0 -22"><span class='ocrx_word' id='word_1_116' title='bbox 260 1635 626 1692; x_wconf 85' lang='lat' dir='ltr'>munitiones.</span> <span class='ocrx_word' id='word_1_117' title='bbox 652 1633 951 1712; x_wconf 80' lang='lat' dir='ltr'>Pugnatur</span> <span class='ocrx_word' id='word_1_118' title='bbox 982 1634 1250 1706; x_wconf 83' lang='lat' dir='ltr'>utrinque</span> <span class='ocrx_word' id='word_1_119' title='bbox 1278 1632 1514 1706; x_wconf 81' lang='lat' dir='ltr'>acriter,</span> <span class='ocrx_word' id='word_1_120' title='bbox 1545 1634 1878 1710; x_wconf 84' lang='lat' dir='ltr'>crebroque,</span> <span class='ocrx_word' id='word_1_121' title='bbox 1911 1648 1972 1690; x_wconf 86' lang='lat' dir='ltr'>ut</span> <span class='ocrx_word' id='word_1_122' title='bbox 2001 1651 2102 1690; x_wconf 81' lang='lat' dir='ltr'>ac·</span> 
     </span>
     <span class='ocr_line' id='line_1_18' title="bbox 259 1711 2102 1788; baseline -0.001 -17"><span class='ocrx_word' id='word_1_123' title='bbox 259 1716 449 1788; x_wconf 83' lang='lat' dir='ltr'>cidit,</span> <span class='ocrx_word' id='word_1_124' title='bbox 476 1715 707 1771; x_wconf 88' lang='lat' dir='ltr'>fortuna</span> <span class='ocrx_word' id='word_1_125' title='bbox 738 1729 881 1788; x_wconf 82' lang='lat' dir='ltr'>saepe</span> <span class='ocrx_word' id='word_1_126' title='bbox 912 1713 985 1768; x_wconf 81' lang='lat' dir='ltr'>ad</span> <span class='ocrx_word' id='word_1_127' title='bbox 1020 1725 1321 1785; x_wconf 83' lang='lat' dir='ltr'>utrumque</span> <span class='ocrx_word' id='word_1_128' title='bbox 1353 1711 1734 1769; x_wconf 77' lang='lat' dir='ltr'>transferente</span> <span class='ocrx_word' id='word_1_129' title='bbox 1765 1715 2102 1787; x_wconf 81' lang='lat' dir='ltr'>victoriam,</span> 
     </span>
     <span class='ocr_line' id='line_1_19' title="bbox 262 1789 2236 1890; baseline 0.001 -41"><span class='ocrx_word' id='word_1_130' title='bbox 262 1811 370 1850; x_wconf 86' lang='lat' dir='ltr'>nec</span> <span class='ocrx_word' id='word_1_131' title='bbox 399 1808 589 1850; x_wconf 85' lang='lat' dir='ltr'>tamen</span> <span class='ocrx_word' id='word_1_132' title='bbox 622 1809 867 1867; x_wconf 86' lang='lat' dir='ltr'>unquam</span> <span class='ocrx_word' id='word_1_133' title='bbox 898 1792 967 1846; x_wconf 86' lang='lat' dir='ltr'>ab</span> <span class='ocrx_word' id='word_1_134' title='bbox 1000 1793 1193 1864; x_wconf 85' lang='lat' dir='ltr'>operis</span> <span class='ocrx_word' id='word_1_135' title='bbox 1222 1792 1534 1885; x_wconf 82' lang='lat' dir='ltr'>depellitur</span> <span class='ocrx_word' id='word_1_136' title='bbox 1565 1791 1895 1850; x_wconf 83' lang='lat' dir='ltr'>Marcellus.</span> <span class='ocrx_word' id='word_1_137' title='bbox 1927 1795 2096 1852; x_wconf 84' lang='lat' dir='ltr'>Inte·</span> <span class='ocrx_word' id='word_1_138' title='bbox 2137 1789 2236 1890; x_wconf 70' lang='lat'>63&#39;</span> 
     </span>
     <span class='ocr_line' id='line_1_20' title="bbox 264 1870 2112 1950; baseline 0.001 -22"><span class='ocrx_word' id='word_1_139' title='bbox 264 1875 377 1929; x_wconf 87' lang='lat' dir='ltr'>rim</span> <span class='ocrx_word' id='word_1_140' title='bbox 408 1875 659 1948; x_wconf 82' lang='lat' dir='ltr'>Lepidus</span> <span class='ocrx_word' id='word_1_141' title='bbox 689 1891 761 1930; x_wconf 78' lang='lat' dir='ltr'>ex</span> <span class='ocrx_word' id='word_1_142' title='bbox 790 1871 1055 1930; x_wconf 79' lang='lat' dir='ltr'>citeriori</span> <span class='ocrx_word' id='word_1_143' title='bbox 1090 1870 1392 1944; x_wconf 80' lang='lat' dir='ltr'>provincia</span> <span class='ocrx_word' id='word_1_144' title='bbox 1411 1887 1541 1931; x_wconf 82' lang='lat' dir='ltr'>eum</span> <span class='ocrx_word' id='word_1_145' title='bbox 1563 1873 1896 1931; x_wconf 77' lang='lat' dir='ltr'>cohortibus</span> <span class='ocrx_word' id='word_1_146' title='bbox 1918 1875 2112 1950; x_wconf 84' lang='lat' dir='ltr'>legio·</span> 
     </span>
     <span class='ocr_line' id='line_1_21' title="bbox 266 1952 2106 2027; baseline -0.001 -17"><span class='ocrx_word' id='word_1_147' title='bbox 266 1955 447 2010; x_wconf 77' lang='lat' dir='ltr'>uariis</span> <span class='ocrx_word' id='word_1_148' title='bbox 476 1969 647 2008; x_wconf 81' lang='lat' dir='ltr'>xxxv.</span> <span class='ocrx_word' id='word_1_149' title='bbox 668 1993 689 2024; x_wconf 97' lang='lat'>,</span> <span class='ocrx_word' id='word_1_150' title='bbox 731 1965 1046 2027; x_wconf 80' lang='lat' dir='ltr'>magnoque</span> <span class='ocrx_word' id='word_1_151' title='bbox 1074 1953 1310 2007; x_wconf 83' lang='lat' dir='ltr'>numero</span> <span class='ocrx_word' id='word_1_152' title='bbox 1338 1952 1638 2024; x_wconf 84' lang='lat' dir='ltr'>equitum,</span> <span class='ocrx_word' id='word_1_153' title='bbox 1665 1965 1728 2007; x_wconf 86' lang='lat' dir='ltr'>et</span> <span class='ocrx_word' id='word_1_154' title='bbox 1752 1953 2106 2027; x_wconf 86' lang='lat' dir='ltr'>reliquorum</span> 
     </span>
     <span class='ocr_line' id='line_1_22' title="bbox 266 2029 2110 2104; baseline 0.001 -16"><span class='ocrx_word' id='word_1_155' title='bbox 266 2033 652 2104; x_wconf 79' lang='lat' dir='ltr'>auxiliorum,</span> <span class='ocrx_word' id='word_1_156' title='bbox 697 2033 859 2088; x_wconf 85' lang='lat' dir='ltr'>venit</span> <span class='ocrx_word' id='word_1_157' title='bbox 900 2047 968 2086; x_wconf 82' lang='lat' dir='ltr'>ea</span> <span class='ocrx_word' id='word_1_158' title='bbox 998 2044 1191 2086; x_wconf 84' lang='lat' dir='ltr'>mente</span> <span class='ocrx_word' id='word_1_159' title='bbox 1220 2029 1458 2103; x_wconf 85' lang='lat' dir='ltr'>Ullam,</span> <span class='ocrx_word' id='word_1_160' title='bbox 1485 2042 1550 2087; x_wconf 90' lang='lat' dir='ltr'>ut</span> <span class='ocrx_word' id='word_1_161' title='bbox 1589 2033 1717 2086; x_wconf 85' lang='lat' dir='ltr'>sine</span> <span class='ocrx_word' id='word_1_162' title='bbox 1767 2035 1882 2089; x_wconf 87' lang='lat' dir='ltr'>ullo</span> <span class='ocrx_word' id='word_1_163' title='bbox 1912 2034 2110 2091; x_wconf 77' lang='lat' dir='ltr'>studio</span> 
     </span>
     <span class='ocr_line' id='line_1_23' title="bbox 268 2101 2108 2184; baseline -0.001 -16"><span class='ocrx_word' id='word_1_164' title='bbox 268 2113 667 2169; x_wconf 84' lang='lat' dir='ltr'>contentiones</span> <span class='ocrx_word' id='word_1_165' title='bbox 714 2110 928 2184; x_wconf 82' lang='lat' dir='ltr'>Cassii,</span> <span class='ocrx_word' id='word_1_166' title='bbox 960 2101 1346 2184; x_wconf 73' lang='lat' dir='ltr'>Marcellique</span> <span class='ocrx_word' id='word_1_167' title='bbox 1375 2122 1768 2184; x_wconf 78' lang='lat' dir='ltr'>componeret.</span> <span class='ocrx_word' id='word_1_168' title='bbox 1822 2113 1974 2168; x_wconf 83' lang='lat' dir='ltr'>Huic</span> <span class='ocrx_word' id='word_1_169' title='bbox 2005 2130 2108 2173; x_wconf 84' lang='lat' dir='ltr'>ve·</span> 
     </span>
     <span class='ocr_line' id='line_1_24' title="bbox 269 2187 2108 2264; baseline 0 -16"><span class='ocrx_word' id='word_1_170' title='bbox 269 2192 453 2248; x_wconf 77' lang='lat' dir='ltr'>aienti</span> <span class='ocrx_word' id='word_1_171' title='bbox 484 2193 610 2248; x_wconf 82' lang='lat' dir='ltr'>sine</span> <span class='ocrx_word' id='word_1_172' title='bbox 638 2192 1001 2252; x_wconf 78' lang='lat' dir='ltr'>dubitatione</span> <span class='ocrx_word' id='word_1_173' title='bbox 1031 2187 1344 2248; x_wconf 81' lang='lat' dir='ltr'>Marcellus</span> <span class='ocrx_word' id='word_1_174' title='bbox 1373 2207 1435 2248; x_wconf 77' lang='lat' dir='ltr'>se</span> <span class='ocrx_word' id='word_1_175' title='bbox 1457 2191 1646 2248; x_wconf 78' lang='lat' dir='ltr'>credit</span> <span class='ocrx_word' id='word_1_176' title='bbox 1664 2231 1682 2262; x_wconf 94' lang='lat'>,</span> <span class='ocrx_word' id='word_1_177' title='bbox 1711 2199 1884 2264; x_wconf 83' lang='lat' dir='ltr'>atque</span> <span class='ocrx_word' id='word_1_178' title='bbox 1913 2191 2108 2252; x_wconf 81' lang='lat' dir='ltr'>offert.</span> 
     </span>
     <span class='ocr_line' id='line_1_25' title="bbox 268 2268 2106 2345; baseline -0.001 -17"><span class='ocrx_word' id='word_1_179' title='bbox 268 2271 502 2328; x_wconf 83' lang='lat' dir='ltr'>Cassius</span> <span class='ocrx_word' id='word_1_180' title='bbox 530 2285 737 2330; x_wconf 69' lang='lat' dir='ltr'>contra,</span> <span class='ocrx_word' id='word_1_181' title='bbox 764 2273 883 2328; x_wconf 83' lang='lat' dir='ltr'>suis</span> <span class='ocrx_word' id='word_1_182' title='bbox 910 2287 972 2326; x_wconf 84' lang='lat' dir='ltr'>se</span> <span class='ocrx_word' id='word_1_183' title='bbox 1004 2281 1163 2324; x_wconf 85' lang='lat' dir='ltr'>tenet</span> <span class='ocrx_word' id='word_1_184' title='bbox 1198 2268 1503 2340; x_wconf 72' lang='lat' dir='ltr'>praesidiis,</span> <span class='ocrx_word' id='word_1_185' title='bbox 1526 2271 1648 2326; x_wconf 82' lang='lat' dir='ltr'>sive</span> <span class='ocrx_word' id='word_1_186' title='bbox 1679 2287 1770 2340; x_wconf 86' lang='lat' dir='ltr'>eo,</span> <span class='ocrx_word' id='word_1_187' title='bbox 1798 2272 1948 2345; x_wconf 85' lang='lat' dir='ltr'>quod</span> <span class='ocrx_word' id='word_1_188' title='bbox 1981 2275 2106 2344; x_wconf 85' lang='lat' dir='ltr'>plus</span> 
     </span>
     <span class='ocr_line' id='line_1_26' title="bbox 268 2347 2114 2424; baseline -0.001 -16"><span class='ocrx_word' id='word_1_189' title='bbox 268 2351 379 2408; x_wconf 83' lang='lat' dir='ltr'>sibi</span> <span class='ocrx_word' id='word_1_190' title='bbox 409 2350 549 2424; x_wconf 81' lang='lat' dir='ltr'>juris</span> <span class='ocrx_word' id='word_1_191' title='bbox 602 2351 841 2421; x_wconf 85' lang='lat' dir='ltr'>deberi,</span> <span class='ocrx_word' id='word_1_192' title='bbox 880 2367 1049 2423; x_wconf 84' lang='lat' dir='ltr'>quam</span> <span class='ocrx_word' id='word_1_193' title='bbox 1092 2347 1378 2406; x_wconf 85' lang='lat' dir='ltr'>Marcello</span> <span class='ocrx_word' id='word_1_194' title='bbox 1407 2349 1776 2407; x_wconf 77' lang='lat' dir='ltr'>existimabat</span> <span class='ocrx_word' id='word_1_195' title='bbox 1797 2389 1818 2421; x_wconf 99' lang='lat'><em>,</em></span> <span class='ocrx_word' id='word_1_196' title='bbox 1866 2351 1990 2406; x_wconf 81' lang='lat' dir='ltr'>sive</span> <span class='ocrx_word' id='word_1_197' title='bbox 2019 2367 2114 2422; x_wconf 86' lang='lat' dir='ltr'>eo,</span> 
     </span>
     <span class='ocr_line' id='line_1_27' title="bbox 250 2427 2116 2504; baseline 0.001 -20"><span class='ocrx_word' id='word_1_198' title='bbox 250 2429 422 2504; x_wconf 83' lang='lat' dir='ltr'>-quod</span> <span class='ocrx_word' id='word_1_199' title='bbox 445 2470 465 2500; x_wconf 91' lang='lat'>,</span> <span class='ocrx_word' id='word_1_200' title='bbox 502 2447 573 2484; x_wconf 85' lang='lat' dir='ltr'>ne</span> <span class='ocrx_word' id='word_1_201' title='bbox 606 2443 993 2501; x_wconf 81' lang='lat' dir='ltr'>praeocupatus</span> <span class='ocrx_word' id='word_1_202' title='bbox 1024 2427 1247 2487; x_wconf 83' lang='lat' dir='ltr'>animus</span> <span class='ocrx_word' id='word_1_203' title='bbox 1277 2427 1487 2500; x_wconf 79' lang='lat' dir='ltr'>Lepidi</span> <span class='ocrx_word' id='word_1_204' title='bbox 1517 2442 1665 2487; x_wconf 81' lang='lat' dir='ltr'>esset</span> <span class='ocrx_word' id='word_1_205' title='bbox 1696 2430 1966 2503; x_wconf 87' lang='lat' dir='ltr'>obsequio</span> <span class='ocrx_word' id='word_1_206' title='bbox 1997 2431 2116 2485; x_wconf 87' lang='lat' dir='ltr'>ad·-</span> 
     </span>
    </p>

    <p class='ocr_par' dir='ltr' id='par_1_4' title="bbox 223 2506 2122 2904">
     <span class='ocr_line' id='line_1_28' title="bbox 272 2506 2121 2600; baseline 0 -34"><span class='ocrx_word' id='word_1_207' title='bbox 272 2511 544 2580; x_wconf 79' lang='lat' dir='ltr'>versarii,</span> <span class='ocrx_word' id='word_1_208' title='bbox 572 2510 889 2569; x_wconf 80' lang='lat' dir='ltr'>verebatur,</span> <span class='ocrx_word' id='word_1_209' title='bbox 934 2506 1105 2568; x_wconf 75' lang='lat' dir='ltr'>Ponit</span> <span class='ocrx_word' id='word_1_210' title='bbox 1133 2509 1205 2566; x_wconf 79' lang='lat' dir='ltr'>ad</span> <span class='ocrx_word' id='word_1_211' title='bbox 1239 2506 1430 2567; x_wconf 80' lang='lat' dir='ltr'>Ullam</span> <span class='ocrx_word' id='word_1_212' title='bbox 1459 2521 1650 2565; x_wconf 82' lang='lat' dir='ltr'>castra</span> <span class='ocrx_word' id='word_1_213' title='bbox 1678 2507 1974 2600; x_wconf 80' lang='lat' dir='ltr'>Lepidus,</span> <span class='ocrx_word' id='word_1_214' title='bbox 1954 2529 1968 2542; x_wconf 93' lang='lat'><strong>·</strong></span> <span class='ocrx_word' id='word_1_215' title='bbox 2005 2527 2121 2566; x_wconf 84' lang='lat' dir='ltr'>ne-</span> 
     </span>
     <span class='ocr_line' id='line_1_29' title="bbox 223 2585 2113 2664; baseline -0.001 -18"><span class='ocrx_word' id='word_1_216' title='bbox 223 2587 225 2592; x_wconf 81' lang='grc'><strong>’</strong></span> <span class='ocrx_word' id='word_1_217' title='bbox 274 2606 384 2664; x_wconf 85' lang='lat' dir='ltr'>que</span> <span class='ocrx_word' id='word_1_218' title='bbox 434 2585 607 2646; x_wconf 83' lang='lat' dir='ltr'>habet</span> <span class='ocrx_word' id='word_1_219' title='bbox 636 2605 669 2642; x_wconf 85' lang='lat' dir='ltr'>a</span> <span class='ocrx_word' id='word_1_220' title='bbox 719 2587 1000 2644; x_wconf 81' lang='lat' dir='ltr'>Marcello</span> <span class='ocrx_word' id='word_1_221' title='bbox 1044 2585 1358 2660; x_wconf 81' lang='lat' dir='ltr'>quidquam</span> <span class='ocrx_word' id='word_1_222' title='bbox 1409 2587 1604 2644; x_wconf 85' lang='lat' dir='ltr'>divisi.</span> <span class='ocrx_word' id='word_1_223' title='bbox 1659 2587 1780 2644; x_wconf 92' lang='lat' dir='ltr'>Ne</span> <span class='ocrx_word' id='word_1_224' title='bbox 1803 2603 2113 2663; x_wconf 85' lang='lat' dir='ltr'>pugnetur,</span> 
     </span>
     <span class='ocr_line' id='line_1_30' title="bbox 272 2664 2122 2744; baseline 0.001 -20"><span class='ocrx_word' id='word_1_225' title='bbox 272 2669 599 2726; x_wconf 84' lang='lat' dir='ltr'>interdicit.</span> <span class='ocrx_word' id='word_1_226' title='bbox 658 2664 718 2704; x_wconf 79' lang='lat'>⁸0</span> <span class='ocrx_word' id='word_1_227' title='bbox 768 2669 866 2727; x_wconf 81' lang='lat' dir='ltr'>Ad</span> <span class='ocrx_word' id='word_1_228' title='bbox 891 2667 1207 2740; x_wconf 70' lang='lat' dir='ltr'>exeundum</span> <span class='ocrx_word' id='word_1_229' title='bbox 1257 2665 1520 2724; x_wconf 81' lang='lat' dir='ltr'>Cassium</span> <span class='ocrx_word' id='word_1_230' title='bbox 1551 2667 1806 2740; x_wconf 85' lang='lat' dir='ltr'>invitat,</span> <span class='ocrx_word' id='word_1_231' title='bbox 1839 2667 2122 2744; x_wconf 81' lang='lat' dir='ltr'>fidemque</span> 
     </span>
     <span class='ocr_line' id='line_1_31' title="bbox 271 2743 2121 2821; baseline 0 -17"><span class='ocrx_word' id='word_1_232' title='bbox 271 2765 431 2807; x_wconf 79' lang='lat' dir='ltr'>suam</span> <span class='ocrx_word' id='word_1_233' title='bbox 458 2749 519 2805; x_wconf 79' lang='lat' dir='ltr'>iu</span> <span class='ocrx_word' id='word_1_234' title='bbox 561 2763 625 2802; x_wconf 87' lang='lat' dir='ltr'>re</span> <span class='ocrx_word' id='word_1_235' title='bbox 654 2749 811 2810; x_wconf 83' lang='lat' dir='ltr'>omni</span> <span class='ocrx_word' id='word_1_236' title='bbox 838 2748 1195 2820; x_wconf 81' lang='lat' dir='ltr'>interponit.</span> <span class='ocrx_word' id='word_1_237' title='bbox 1186 2743 1362 2804; x_wconf 84' lang='lat' dir='ltr'>Cum</span> <span class='ocrx_word' id='word_1_238' title='bbox 1392 2747 1489 2802; x_wconf 88' lang='lat' dir='ltr'>diu</span> <span class='ocrx_word' id='word_1_239' title='bbox 1517 2747 1838 2803; x_wconf 83' lang='lat' dir='ltr'>dubitasset</span> <span class='ocrx_word' id='word_1_240' title='bbox 1869 2745 2121 2821; x_wconf 88' lang='lat' dir='ltr'>Cassius,</span> 
     </span>
     <span class='ocr_line' id='line_1_32' title="bbox 278 2826 2116 2904; baseline -0.001 -19"><span class='ocrx_word' id='word_1_241' title='bbox 278 2829 417 2904; x_wconf 88' lang='lat' dir='ltr'>quid</span> <span class='ocrx_word' id='word_1_242' title='bbox 466 2828 581 2884; x_wconf 85' lang='lat' dir='ltr'>sibi</span> <span class='ocrx_word' id='word_1_243' title='bbox 630 2827 997 2899; x_wconf 85' lang='lat' dir='ltr'>faciendum,</span> <span class='ocrx_word' id='word_1_244' title='bbox 1042 2826 1256 2900; x_wconf 80' lang='lat' dir='ltr'>quidve</span> <span class='ocrx_word' id='word_1_245' title='bbox 1284 2826 1510 2901; x_wconf 80' lang='lat' dir='ltr'>Lepido</span> <span class='ocrx_word' id='word_1_246' title='bbox 1557 2839 1708 2884; x_wconf 83' lang='lat' dir='ltr'>esset</span> <span class='ocrx_word' id='word_1_247' title='bbox 1740 2829 2116 2903; x_wconf 85' lang='lat' dir='ltr'>credendum,</span> 
     </span>
    </p>
   </div>
   <div class='ocr_carea' id='block_1_4' title="bbox 276 2993 2126 3374">
    <p class='ocr_par' dir='ltr' id='par_1_5' title="bbox 276 2993 2126 3374">
     <span class='ocr_line' id='line_1_33' title="bbox 343 2993 2120 3058; baseline -0.005 -5"><span class='ocrx_word' id='word_1_248' title='bbox 343 3007 411 3058; x_wconf 77' lang='lat'>79</span> <span class='ocrx_word' id='word_1_249' title='bbox 474 3003 587 3049; x_wconf 67' lang='lat' dir='ltr'>Rex</span> <span class='ocrx_word' id='word_1_250' title='bbox 606 2999 775 3056; x_wconf 64' lang='lat' dir='ltr'>Bogud</span> <span class='ocrx_word' id='word_1_251' title='bbox 798 3011 899 3044; x_wconf 79' lang='lat' dir='ltr'>cam</span> <span class='ocrx_word' id='word_1_252' title='bbox 914 2997 1060 3053; x_wconf 72' lang='lat' dir='ltr'>copiis</span> <span class='ocrx_word' id='word_1_253' title='bbox 1077 3002 1171 3044; x_wconf 76' lang='lat' dir='ltr'>ve·-</span> <span class='ocrx_word' id='word_1_254' title='bbox 1229 2995 1424 3056; x_wconf 76' lang='lat' dir='ltr'>Bogud,</span> <span class='ocrx_word' id='word_1_255' title='bbox 1447 2993 1536 3058; x_wconf 81' lang='lat' dir='ltr'>qui</span> <span class='ocrx_word' id='word_1_256' title='bbox 1557 2994 1746 3044; x_wconf 79' lang='lat' dir='ltr'>Caesari</span> <span class='ocrx_word' id='word_1_257' title='bbox 1771 2995 2037 3055; x_wconf 83' lang='lat' dir='ltr'>studebat,</span> <span class='ocrx_word' id='word_1_258' title='bbox 2065 3003 2120 3045; x_wconf 83' lang='lat' dir='ltr'>et</span> 
     </span>
     <span class='ocr_line' id='line_1_34' title="bbox 279 3057 2120 3122; baseline 0.001 -14"><span class='ocrx_word' id='word_1_259' title='bbox 279 3065 368 3108; x_wconf 76' lang='lat' dir='ltr'>nit.</span> <span class='ocrx_word' id='word_1_260' title='bbox 384 3063 555 3114; x_wconf 83' lang='lat' dir='ltr'>&gt;Tum</span> <span class='ocrx_word' id='word_1_261' title='bbox 594 3060 843 3122; x_wconf 79' lang='lat' dir='ltr'>temporis</span> <span class='ocrx_word' id='word_1_262' title='bbox 870 3060 1041 3108; x_wconf 81' lang='lat' dir='ltr'>divisa</span> <span class='ocrx_word' id='word_1_263' title='bbox 1068 3057 1171 3106; x_wconf 77' lang='lat' dir='ltr'>fuit</span> <span class='ocrx_word' id='word_1_264' title='bbox 1232 3058 1445 3107; x_wconf 77' lang='lat' dir='ltr'>Actiaco</span> <span class='ocrx_word' id='word_1_265' title='bbox 1489 3059 1670 3120; x_wconf 78' lang='lat' dir='ltr'>praelio</span> <span class='ocrx_word' id='word_1_266' title='bbox 1707 3059 1960 3108; x_wconf 81' lang='lat' dir='ltr'>occubuit.</span> <span class='ocrx_word' id='word_1_267' title='bbox 2009 3064 2120 3110; x_wconf 77' lang='lat' dir='ltr'>Dio.</span> 
     </span>
     <span class='ocr_line' id='line_1_35' title="bbox 280 3121 1869 3184; baseline 0 -14"><span class='ocrx_word' id='word_1_268' title='bbox 280 3124 631 3184; x_wconf 54' lang='lat' dir='ltr'>Mauritania,</span> <span class='ocrx_word' id='word_1_269' title='bbox 670 3132 724 3172; x_wconf 83' lang='lat' dir='ltr'>et</span> <span class='ocrx_word' id='word_1_270' title='bbox 779 3122 980 3184; x_wconf 84' lang='lat' dir='ltr'>utrique</span> <span class='ocrx_word' id='word_1_271' title='bbox 1035 3121 1171 3181; x_wconf 74' lang='lat' dir='ltr'>parti</span> <span class='ocrx_word' id='word_1_272' title='bbox 1235 3128 1374 3170; x_wconf 79' lang='lat' dir='ltr'>cars.</span> <span class='ocrx_word' id='word_1_273' title='bbox 1403 3135 1568 3170; x_wconf 74' lang='lat' dir='ltr'>xnnt.</span> <span class='ocrx_word' id='word_1_274' title='bbox 1595 3129 1648 3170; x_wconf 87' lang='lat' dir='ltr'>et</span> <span class='ocrx_word' id='word_1_275' title='bbox 1669 3133 1869 3170; x_wconf 77' lang='lat' dir='ltr'>xmmt.</span> 
     </span>
     <span class='ocr_line' id='line_1_36' title="bbox 278 3184 2125 3274; baseline -0.001 -40"><span class='ocrx_word' id='word_1_276' title='bbox 278 3198 397 3234; x_wconf 77' lang='lat' dir='ltr'>suus</span> <span class='ocrx_word' id='word_1_277' title='bbox 424 3199 512 3234; x_wconf 82' lang='lat' dir='ltr'>rex</span> <span class='ocrx_word' id='word_1_278' title='bbox 533 3195 772 3246; x_wconf 73' lang='lat' dir='ltr'>praeerat,</span> <span class='ocrx_word' id='word_1_279' title='bbox 790 3184 1029 3236; x_wconf 79' lang='lat' dir='ltr'>orientali</span> <span class='ocrx_word' id='word_1_280' title='bbox 1052 3187 1172 3234; x_wconf 82' lang='lat' dir='ltr'>Boc-</span> <span class='ocrx_word' id='word_1_281' title='bbox 1302 3189 1368 3233; x_wconf 88' lang='lat'>80</span> <span class='ocrx_word' id='word_1_282' title='bbox 1431 3188 1512 3232; x_wconf 77' lang='lat' dir='ltr'>Ad</span> <span class='ocrx_word' id='word_1_283' title='bbox 1534 3188 1794 3274; x_wconf 49' lang='lat' dir='ltr'>exerendus</span> <span class='ocrx_word' id='word_1_284' title='bbox 1811 3188 2030 3234; x_wconf 75' lang='lat' dir='ltr'>Cassium</span> <span class='ocrx_word' id='word_1_285' title='bbox 2050 3188 2125 3232; x_wconf 57' lang='lat' dir='ltr'>ina</span> 
     </span>
     <span class='ocr_line' id='line_1_37' title="bbox 278 3248 2126 3322; baseline 0.002 -28"><span class='ocrx_word' id='word_1_286' title='bbox 278 3249 423 3306; x_wconf 79' lang='lat' dir='ltr'>chus,</span> <span class='ocrx_word' id='word_1_287' title='bbox 436 3250 779 3307; x_wconf 79' lang='lat' dir='ltr'>occidentali,</span> <span class='ocrx_word' id='word_1_288' title='bbox 802 3261 917 3322; x_wconf 66' lang='lat' dir='ltr'>quae</span> <span class='ocrx_word' id='word_1_289' title='bbox 942 3257 1170 3308; x_wconf 83' lang='lat' dir='ltr'>postmo</span> <span class='ocrx_word' id='word_1_290' title='bbox 1235 3249 1412 3300; x_wconf 79' lang='lat' dir='ltr'>vitat.)</span> <span class='ocrx_word' id='word_1_291' title='bbox 1443 3248 1742 3296; x_wconf 76' lang='lat' dir='ltr'>Exeundum</span> <span class='ocrx_word' id='word_1_292' title='bbox 1769 3261 1799 3297; x_wconf 83' lang='lat' dir='ltr'>e</span> <span class='ocrx_word' id='word_1_293' title='bbox 1823 3249 2043 3314; x_wconf 81' lang='lat' dir='ltr'>castris,</span> <span class='ocrx_word' id='word_1_294' title='bbox 2071 3255 2126 3298; x_wconf 84' lang='lat' dir='ltr'>et</span> 
     </span>
     <span class='ocr_line' id='line_1_38' title="bbox 276 3310 1632 3374; baseline -0.001 -14"><span class='ocrx_word' id='word_1_295' title='bbox 276 3311 401 3360; x_wconf 84' lang='lat' dir='ltr'>dum</span> <span class='ocrx_word' id='word_1_296' title='bbox 426 3311 695 3374; x_wconf 76' lang='lat' dir='ltr'>Tingitana</span> <span class='ocrx_word' id='word_1_297' title='bbox 722 3311 825 3362; x_wconf 80' lang='lat' dir='ltr'>fuit</span> <span class='ocrx_word' id='word_1_298' title='bbox 854 3312 1037 3372; x_wconf 73' lang='lat' dir='ltr'>dicta,</span> <span class='ocrx_word' id='word_1_299' title='bbox 1084 3310 1173 3362; x_wconf 83' lang='lat' dir='ltr'>hic</span> <span class='ocrx_word' id='word_1_300' title='bbox 1236 3310 1632 3360; x_wconf 83' lang='lat' dir='ltr'>munitionibus.</span> 
     </span>
    </p>
   </div>
   <div class='ocr_carea' id='block_1_5' title="bbox 1562 3372 1739 3457">
    <p class='ocr_par' dir='ltr' id='par_1_6' title="bbox 1562 3372 1739 3457">
     <span class='ocr_line' id='line_1_39' title="bbox 1562 3372 1739 3457; baseline 0.04 -7"><span class='ocrx_word' id='word_1_301' title='bbox 1562 3372 1739 3457; x_wconf 72' lang='lat' dir='ltr'>Ge.</span> 
     </span>
    </p>
   </div>
  </div>
 </body>
</html>
