2459 3834
1494 37 1503 58 i

446 140 468 156 Ι
731 99 740 108 ’
829 93 1164 146 LIBER
1247 77 1420 148 11'1.
1935 73 2037 176 67

205 175 422 232 frustra
439 171 628 234 'telum
657 191 730 231 ex
755 177 884 231 loco
915 177 1210 248 superiore
1241 177 1479 234 mittere
1500 211 1520 248 ,
1550 185 1617 232 ut
1644 189 1873 254 queque
1907 193 2039 252 pars

205 249 524 312 castrorum
560 259 772 311 nudata
802 245 1196 312 defensoFibus
1221 255 1405 328 premi
1427 257 1751 330 videbatur,
1776 275 2041 314 occurre·

209 351 382 408 re,et
411 338 687 392 auxilium
713 335 888 392 ferret
919 337 1017 392 sed
1041 335 1149 394 hoc
1174 337 1455 410 superati,
1478 338 1625 410 quod
1658 337 2045 394 diuturnitate
2086 362 2091 368 ·

207 433 404 490 pugnae
423 414 624 472 'hostes
649 415 856 472 defessi
889 433 1018 472 cum
1047 417 1239 488 praelio
1260 415 1642 486 excedebant,
1664 418 1767 472 alii
1801 417 2043 490 integris

211 497 428 552 viribus
468 497 868 552 succedebant.
920 493 1177 569 Quarum
1226 513 1418 552 rerum
1456 513 1491 550 a
1521 497 1734 554 nostris
1757 533 1777 568 ,
1810 513 2046 571 propter

209 577 596 649 paucitatem,
626 574 752 631 fieri
787 575 930 630 nihil
965 588 1192 648 poterat
1219 595 1241 646 τ,
1274 593 1385 630 non
1414 577 1587 632 modo
1616 576 1837 633 defesso
1861 595 1931 634 ex
1958 595 2047 648 pu·

221 671 334 730 gna
363 656 697 727 excedendi,
727 658 828 710 sed
859 673 926 711 ne
955 658 1150 712 saucio
1171 657 1399 728 quidem
1429 655 1544 729 ejus
1576 657 1690 711 loci
1713 696 1733 728 ,
1765 657 1856 712 ubi
1898 675 2052 713 con-

223 736 456 791 stiterat
477 776 497 806 ,
528 731 928 810 relinquendi,
960 753 1027 789 ac
1057 737 1144 791 sui
1169 735 1487 808 recipiendi
1516 735 1757 791 facultas
1784 735 2047 794 dabatur.

223 812 370 870 Cum
403 815 514 890 jam
563 817 807 890 amplius
843 817 997 871 horis
1029 834 1108 871 νι.
1153 818 1520 872 continenter
1566 831 1906 890 pugnaretur
1932 857 1953 890 ,
1980 833 2047 872 ac
2092 823 2125 889 ς

226 911 340 951 non
367 899 548 952 solum
598 898 750 952 vires
771 937 790 967 ,
821 899 918 951 sed
961 897 1138 950 etiam
1183 899 1297 953 tela
1328 896 1543 952 nostris
1572 893 1917 968 deficerent,
1946 909 2055 966 atq

223 991 334 1050 que
384 975 578 1032 hostes
623 977 812 1032 acrius
861 979 1188 1046 instarent,
1227 975 1790 1050 languidioribusque
1820 979 2057 1056 nostris,

225 1057 440 1110 vallum
472 1056 732 1112 scindere
762 1091 782 1128 ,
831 1069 892 1110 et
923 1055 1099 1111 fossas
1139 1063 1431 1129 complere
1478 1057 1783 1128 coepissent
1804 1095 1825 1127 ,
1857 1070 2059 1130 resque

224 1148 380 1191 esset
408 1135 524 1210 jam
555 1137 626 1192 ad
658 1149 977 1192 extremum
1030 1136 1277 1190 deducta
1313 1151 1503 1190 casum
1530 1152 1541 1190 ε
1576 1134 1640 1190 Ρ.
1677 1133 1903 1192 Sextius
1933 1135 2060 1190 Ba·-

223 1217 386 1271 culus
416 1255 435 1286 ,
482 1216 761 1289 primipili
811 1216 1074 1272 centurio
1103 1252 1122 1286 ,
1153 1231 1318 1288 quem
1355 1214 1614 1273 Nervico
1664 1216 1859 1288 praelio
1890 1233 2062 1272 com-

231 1295 496 1368 pluribus
537 1297 860 1352 confectum
897 1296 1223 1352 vulneribus
1255 1295 1504 1350 diximus
1525 1333 1545 1365 ,
1572 1307 1633 1349 et
1664 1295 1805 1350 item
1836 1292 1906 1349 C.
1938 1294 2067 1352 Vo-

232 1376 463 1430 lusenus
493 1376 746 1432 tribunus
775 1376 946 1432 milit.
979 1376 1069 1429 vir
1091 1387 1149 1430 et
1177 1373 1403 1430 consilii
1438 1374 1631 1448 magni
1653 1405 1673 1446 ,
1700 1387 1760 1430 et
1804 1377 2067 1448 virtutis,

237 1455 316 1510 ad
332 1453 587 1511 Galbam
620 1467 925 1512 accurrunt
945 1495 967 1527 ,
995 1467 1167 1529 atque
1197 1471 1365 1508 unam
1398 1469 1700 1526 essespem
1731 1456 1931 1512 salutis
1960 1456 2067 1512 do-

241 1545 416 1606 cent,
455 1536 504 1591 si
555 1537 855 1610 eruptione
897 1535 1052 1590 facta
1080 1573 1098 1604 ,
1147 1547 1465 1594 extremum
1506 1533 1780 1590 auxilium
1827 1535 2069 1608 experi-

242 1627 460 1670 rentur.
493 1617 727 1690 ltaque,
767 1615 1102 1672 convocatis
1151 1613 1581 1670 centurionibus
1603 1654 1622 1685 ,
1646 1613 1913 1672 celeriter
1943 1614 2071 1670 mi·-

237 1694 378 1752 lites
421 1697 700 1752 certiores
740 1696 923 1767 facit,
957 1697 1242 1770 paulisper
1287 1694 1744 1750 intermitterent
1798 1695 2072 1768 praelium,

240 1791 314 1829 ac
345 1777 744 1832 tantummodo
777 1779 889 1832 tela
931 1776 1104 1830 missa
1135 1775 1470 1846 echperent
1496 1812 1517 1845 ,
1551 1787 1723 1846 seque
1762 1791 1836 1829 ex
1878 1769 2074 1831 labore

237 1852 589 1928 reficerent,
623 1869 750 1928 post
771 1889 789 1926 ,
828 1855 994 1929 signo
1023 1855 1200 1926 dato,
1231 1871 1265 1908 e
1305 1853 1509 1909 castris
1539 1868 1903 1926 erumperent
1922 1896 1943 1927 ,
1982 1867 2077 1910 at·
2210 1921 2217 1928 ,

245 1951 359 2008 que
407 1950 631 1991 omnem
647 1953 805 2009 spem
835 1933 1033 1990 salutis
1077 1931 1134 1988 in
1169 1933 1390 1988 virtute
1417 1947 1709 2006 ponerent.
1748 1931 1918 2006 Quod
1948 1936 2073 2011 jus-
2111 1937 2155 1998 6

243 2012 298 2069 ai
331 2027 464 2070 sunt
486 2054 504 2087 ,
538 2014 762 2070 faciunt
790 2035 811 2086 ε,
837 2028 903 2070 ac
943 2014 1133 2071 subito
1163 2015 1425 2074 omnibus
1446 2013 1629 2086 portis
1651 2015 1955 2085 eruptione
1986 2015 2080 2071 fa-

248 2107 350 2149 cta
370 2132 390 2165 ,
434 2111 613 2168 neque
655 2094 1035 2170 cognoscendi
1063 2129 1082 2165 ,
1111 2094 1261 2168 quod
1304 2090 1469 2148 fieret
1490 2132 1511 2166 ,
1540 2110 1721 2168 neque
1762 2093 1847 2149 sui
1902 2089 2084 2151 colli-

247 2174 430 2248 genili
491 2173 750 2231 hostibus
797 2173 1133 2230 facultatem
1185 2173 1527 2246 relinquunt.
1583 2171 1674 2227 Ita
1731 2189 2117 2233 commutata-

249 2253 528 2326 fortuna,
569 2263 668 2310 eos
695 2294 716 2324 ,
755 2257 853 2328 qui
895 2255 953 2309 in
985 2269 1142 2326 spem
1191 2252 1589 2325 potiendarum
1633 2250 1951 2310 castrorum
1984 2271 2087 2310 ve·-

251 2348 465 2392 nerant
487 2369 508 2406 ,
533 2335 774 2409 undiqtte
811 2335 1235 2390 circumventos
1266 2330 1659 2404 interficiunt3
1689 2346 1750 2388 et
1782 2350 1853 2408 ex
1884 2331 2089 2412 homi-‚-

252 2429 394 2469 num
427 2414 680 2470 millibus
722 2416 966 2487 amplius
987 2429 1116 2468 xxx.
1140 2451 1160 2482 ,
1184 2429 1352 2486 quem
1392 2427 1686 2467 numerum
1718 2413 2089 2472 barbarorum

260 2493 341 2547 ad
370 2507 560 2549 castra
591 2495 813 2552 venisse
855 2493 1186 2565 constabat,
1213 2495 1334 2569 plus
1362 2491 1539 2552 tertia
1576 2506 1739 2572 parte
1764 2494 2095 2568 interfecta,

264 2574 521 2642 reliquos
546 2573 886 2648 perterritos
913 2572 975 2630 in
1023 2565 1216 2648 fugam
1256 2573 1603 2646 conjiciunt,
1634 2585 1703 2628 ac
1745 2591 1815 2630 ne
1862 2576 1921 2630 in
1950 2577 2097 2632 locis

264 2647 503 2727 quidem
531 2649 916 2727 superioribus
955 2655 1271 2712 consistere
1326 2655 1637 2726 patiuntur.
1689 2652 1786 2708 Sic
1835 2656 2099 2712 omnsbus

263 2730 530 2789 hostium
556 2735 740 2806 copiis
769 2735 908 2790 fusis
925 2773 946 2806 ,
976 2734 1263 2807 annisque
1290 2733 1509 2803 exuti3‚
1532 2751 1591 2788 se
1633 2735 1693 2788 in
1724 2748 1913 2796 castra
1936 2769 1955 2806 ,
1976 2751 2103 2794 mu-

265 2814 639 2887 nitionesque
669 2831 795 2870 suas
833 2814 1146 2886 recipiunt:
1189 2811 1321 2886 Quo
1358 2814 1550 2885 praelio
1584 2812 1771 2886 facto,
1808 2816 1958 2888 quod
1989 2831 2107 2871 3.ae-

269 2893 404 2966 pIus
441 2893 734 2949 fortunam
785 2899 1012 2950 tentare
1051 2892 1241 2950 Galba
1288 2893 1561 2965 nolebat,
1602 2906 1776 2966 atque
1820 2895 1938 2953 alio
1982 2911 2109 2954 esse

245 2969 334 3030 ’in
391 2972 636 3030 hiberna
676 2975 920 3032 consilio
950 2976 1174 3032 venisse
1213 2973 1597 3044 meminerat,
1626 2970 1755 3027 aliis
1792 2976 2110 3032 occurrisse

265 3048 442 3111 rebus
473 3054 710 3110 videbat
730 3089 752 3128 ,
779 3056 1028 3110 maxime
1056 3053 1333 3110 frumenti
1364 3082 1385 3122 ,
1429 3067 1885 3126 commeatusque
1915 3057 2113 3127 inopia

277 3147 576 3205 permotus
606 3176 627 3208 ‚
674 3147 906 3208 postero
953 3135 1050 3190 die
1093 3127 1357 3190 ot‘nnibus
1412 3130 1529 3206 ejus
1568 3133 1683 3188 vici
1724 3131 2114 3190 aediflciisin-

279 3215 510 3288 (καεὶς,
537 3208 600 3269 in
643 3215 1000 3286 provinciam
1050 3213 1267 3270 reverti
1311 3207 1647 3268 contendit:
1690 3221 1757 3266 ac
1798 3216 1949 3270 nullo
1994 3214 2117 3270 ho·-

280 3303 378 3349 ste
427 3287 771 3372 prohibente
791 3335 814 3370 ,
841 3307 942 3352 aut
981 3295 1098 3351 iter
1145 3296 1483 3430 dengrante
1500 3333 1523 3368 ,
1554 3293 1895 3350 incoiumem
1930 3297 2119 3373 legio-

1328 3387 1363 3429 2
