2459 3834
343 175 348 180 .
876 122 924 173 L
955 123 984 171 1
1015 122 1064 173 B
1094 122 1141 173 E
1172 120 1226 173 n
1310 120 1446 173 vn.
1913 96 2062 198 183

237 200 592 261 conditionis
621 194 1008 275 perspicerent
1040 242 1058 271 ‚
1109 200 1665 274 inanisimulatione
1693 218 1819 259 sese
1854 214 2067 261 osten.-

235 296 362 338 tare
411 296 840 353 cognoscerent.
913 280 1285 355 Indignantes
1346 281 1562 339 milites
1609 281 1801 339 caesar
1835 322 1857 355 ,
1910 278 2065 354 quod

225 378 604 433 conspectum
653 378 810 416 suum
863 361 1054 415 hostes
1093 360 1247 417 ferre
1300 376 1569 434 possent,
1598 364 1823 419 tantulo
1872 360 2063 433 spatio

222 435 535 515 interjecto
561 482 579 511 ‚
603 454 661 495 et
690 442 912 513 signum
947 441 1124 512 praelii
1156 456 1523 512 exposcentes
1553 442 1756 498 edocet
1780 482 1801 511 ,
1828 441 2063 515 “quan-

222 534 287 577 to
315 522 676 577 detrimento
699 562 717 591 ,
761 535 820 575 et
869 534 1008 591 quot
1039 521 1294 576 virorum
1328 518 1563 576 fortium
1616 536 1813 577 morte*
1838 537 2065 578 necesse

221 614 374 657 esset
423 616 694 657 constare
725 601 1032 655 victoriam
1065 616 1078 655 ε
1119 617 1257 675 quos
1300 616 1427 655 eum
1481 604 1565 657 sic
1595 605 1787 657 animo
1832 616 2063 673 paratos

222 680 453 757 videret
475 722 493 750 ,
541 694 608 735 ut
640 683 852 754 nullum
888 694 988 749 pro
1018 696 1116 735 sua
1156 678 1317 734 laude
1352 683 1661 754 periculum
1706 694 2057 749 recusarent,

227 777 454 815 summae
493 776 556 815 se
603 760 926 835 iniquitatis
967 760 1334 814 condemnari
1394 762 1599 815 debere
1627 800 1649 833 ,
1700 762 1807 815 nisi
1861 776 2061 816 eorum

230 841 410 895 vitam
442 856 538 894 sua
575 834 756 895 salute
788 839 992 897 habeat
1024 842 1323 894 cariorem.
1341 878 1382 911 „
1442 839 1537 893 Sic
1582 842 1797 895 milites
1845 857 2065 897 conso-

227 922 378 975 latus
425 920 630 975 eodem
683 920 780 975 die
849 920 1069 974 reducit
1114 920 1172 974 in
1222 932 1412 973 castra
1442 960 1459 990 ,
1514 922 1881 994 reliquaque,
1940 937 2062 992 quae

223 1000 298 1054 ad
355 1000 846 1077 oppugnationem
905 1000 1106 1073 oppidi
1171 999 1536 1073 pertinebant
1566 1040 1589 1073 ‚
1654 1001 2063 1057 administrare

219 1078 501 1137 instituit.
641 1078 652 1091 '
1059 1096 1068 1103 ·
1169 1084 1176 1093 '

880 1238 1263 1297 CAPUT
1348 1237 1423 1294 X.

223 1396 704 1475 Vercingetorix
727 1394 1078 1473 proditionis
1111 1396 1477 1454 insimulatus
1498 1438 1516 1469 ‚
1539 1398 1685 1475 quod
1700 1408 1895 1455 castra
1920 1408 2060 1471 praa

214 1478 354 1551 pius·
384 1476 669 1535 Romanos
699 1482 972 1537 movisset
996 1522 1014 1551 ,
1043 1496 1105 1536 se
1137 1490 1376 1556 purgat.
1411 1480 1631 1535 Decem
1662 1479 1847 1533 millia
1879 1479 2057 1534 homi.

363 1575 495 1613 num
528 1560 596 1615 in
623 1561 886 1633 oppidum
929 1560 1289 1697 Biturigazrln
1327 1557 1705 1651 {Describitur
1740 1556 1943 1631 forma

947 1658 1092 1695 mure
1181 1658 1214 1695 a
1266 1656 1363 1695 tce.

297 1726 817 1873 Vercingetoriit
840 1839 858 1870 ,
885 1814 1038 1859 cums
1063 1800 1130 1853 ad
1183 1812 1312 1854 snos
1354 1797 1619 1854 rediisset
1644 1838 1663 1869 ,
1712 1796 2059 1873 proditionis

224 1873 592 1933 insimulatur
622 1920 642 1951 ‚
689 1881 839 1952 quod
897 1872 1091 1935 'castr-'a
1143 1878 1375 1952 propius
1419 1878 1709 1937 Romanos
1766 1879 2065 1951 movisset,

229 1957 371 2028 quod
409 1975 540 2013 cum
577 1958 733 2014 omni
765 1959 1022 2032 equitatu
1053 1958 1405 2014 discessisset
1428 1997 1448 2028 ,
1488 1960 1640 2030 quod
1690 1958 1813 2013 sine
1864 1958 2067 2030 impe-

2100 1816 2181 1861 20

225 2035 316 2091 rio
365 2050 560 2093 tantas
610 2038 806 2111 copias
859 2039 1226 2111 reliquisset,
1276 2038 1425 2111 quod
1474 2037 1591 2110 ejus
1638 2037 1889 2093 discessu
1930 2038 2068 2094 Ro-
2134 2051 2143 2061 ⁴

229 2116 385 2172 mani
427 2130 596 2173 tanta
646 2120 1083 2190 opportunitate
1107 2158 1126 2190 ,
1157 2132 1217 2173 et
1262 2116 1561 2173 celeritate
1590 2118 1921 2173 venissent:
1950 2133 2067 2175 uon

230 2194 348 2250 haee
393 2200 594 2253 omnia
643 2197 886 2253 fortuito
909 2238 928 2267 ,
957 2211 1056 2253 aut
1101 2198 1228 2253 sine
1269 2197 1513 2252 consilio
1540 2196 1804 2252 accidere
1836 2188 2071 2271 potuis-2

232 2288 331 2328 se:
364 2292 603 2349 regnum
634 2278 794 2333 illum
826 2276 1030 2332 Galliae
1055 2280 1224 2331 malle
1257 2273 1499 2331 Caesaris
1528 2292 1796 2333 concessu
1827 2314 1847 2346 ,
1894 2293 2067 2349 quam

237 2350 484 2423 ipsorum
539 2356 752 2412 habere
817 2355 1114 2413 beneficio.
1193 2354 1327 2410 Tali
1404 2355 1576 2411 modo
1644 2369 1939 2410 accusatus
1988 2356 2067 2413 ad

241 2430 355 2487 haec
395 2437 754 2509 respondit:
815 2435 1038 2510 “Quod
1089 2448 1279 2493 castra
1333 2436 1646 2505 movisset,
1695 2434 1911 2491 factum
1960 2435 2069 2490 in·-

247 2512 372 2581 opia
411 2515 602 2585 pabuli
636 2556 657 2587 ,
692 2516 887 2572 >etiam
916 2568 918 2570 ,
955 2517 1128 2589 ipsis·
1156 2516 1523 2571 hortantibus
1554 2532 1568 2571 ε
1622 2516 1773 2589 quod
1832 2514 2066 2590 propius

236 2587 517 2651 Romanos
583 2596 916 2653 accessisset
952 2636 971 2665 ,
1031 2612 1361 2668 persuasum
1426 2596 1544 2653 loci
1606 2594 2068 2667 opportunitate,

236 2671 414 2747 quise
462 2675 654 2747 ipsum
697 2676 1014 2731 munitione
1066 2676 1447 2731 defenderem
1499 2676 1755 2747 equitum
1804 2690 2066 2743 verop-

239 2764 427 2819 peram
463 2772 648 2827 neque
687 2756 764 2811 in.
799 2758 925 2810 loco
949 2824 954 2831 Ι
981 2756 1219 2827 palustri
1268 2754 1583 2811 desiderari
1645 2751 1906 2809 debuisse
1935 2792 1955 2823 ‚
2002 2764 2066 2809 et

237 2826 355 2883 illic
385 2832 553 2889 fuisse
591 2834 794 2889 utilem
820 2874 840 2906 ,
871 2850 982 2906 quo
1021 2836 1136 2889 sint
1169 2832 1455 2907 profecti:
1506 2850 1783 2889 summam
1828 2832 2063 2903 imperii

243 2922 302 2961 se
329 2915 584 2968 consulto
632 2914 773 2969 nulli
825 2914 1213 2970 discedentem
1250 2913 1555 2968 tradidisse
1584 2952 1603 2984 ,
1648 2930 1718 2966 ne
1763 2913 1813 2967 is
1854 2912 2067 2967 multi-

248 2988 454 3045 tudinis
491 2994 684 3049 studio
731 2992 802 3049 ad
855 2994 1243 3049 dimicandum
1307 2993 1742 3064 impelleretur:
1822 2992 1913 3047 cui
1974 2990 2069 3047 rei·

249 3078 468 3139 propter
510 3073 690 3129 animi
741 3074 1046 3130 mollitiem
1095 3074 1325 3129 studere
1374 3088 1569 3129 omnes
1598 3073 1864 3140 videret,
1914 3071 2065 3145 quo‘d

255 3141 454 3205 diutius
481 3152 738 3209 laborem
769 3154 922 3209 ferre
951 3172 1070 3213 son
1108 3166 1359 3226 possent.
1418 3152 1668 3209 Romani
1698 3152 1747 3207 si
1779 3168 1911 3206 casu
1960 3151 2069 3205 in-

221 3230 226 3233 ·
257 3232 634 3303 ter-venerint,
659 3232 899 3289 fortunae
932 3253 952 3309 3
1002 3234 1051 3288 si
1085 3232 1319 3305 elicujus
1358 3232 1581 3287 indicio
1630 3231 1878 3300 vocati,
1929 3230 2069 3286 huic

258 3296 557 3371 habendam
585 3312 836 3389 gratiam
857 3310 1072 3391 ‚quod
1098 3326 1160 3373 et
1193 3304 1549 3389 paucitatem
1586 3328 1785 3381 eorum
1832 3326 1901 3367 ex
1940 3312 2071 3383 loco
