2459 3834
1971 12 2018 19 ->.

485 32 640 106 ‚512
875 72 883 79 .
966 31 1065 84 ne
1120 31 1361 87 num
1418 32 1804 90 aramme

485 132 669 189 neque
701 112 1008 171 terminum
1039 116 1394 170 constituunt
1418 155 1438 186 ,
1486 134 1597 188 quo
1638 118 1828 173 caeteri
1858 114 2220 177 dissimiliter
2248 138 2305 178 se

485 208 732 269 gerant,
777 207 1006 269 egomet
1056 194 1178 265 ipse
1227 194 1627 250 documentum
1684 213 1842 252 more
1892 200 2135 255 militari
2164 208 2307 257 con-

483 275 744 331 stituam.
797 272 866 329 C.
899 274 1118 327 Aviene
1143 309 1163 343 ,
1213 276 1359 346 quod
1397 275 1452 329 in
1503 274 1673 329 ltalia
1707 277 1919 333 milites
1953 281 2144 351 populi
2177 283 2307 337 Ro·-

485 357 644 414 mani
693 367 893 409 contra
945 352 1380 425 Rempublicam
1434 354 1771 428 instigasti,
1822 358 2161 433 rapinasque
2210 348 2305 433 per

482 436 798 505 municipia
849 432 1079 487 fecisti:
1133 434 1393 507 quodque
1431 435 1615 504 mihi,
1670 436 1885 507 Reique
1939 441 2173 510 publicae
2205 442 2304 495 in·-

482 517 656 574 utilis
675 514 832 569 fuisti
859 553 876 583 ,
919 527 976 566 et
1015 530 1113 583 pro
1146 514 1427 567 militibus
1462 528 1614 569 tuam
1648 512 1927 570 familiam
1952 557 1970 587 ,
2009 519 2301 591 jumenta-

481 612 590 668 que
631 596 689 649 in
727 610 896 647 naves
939 593 1301 661 imposuisti:
1336 606 1543 666 tuaque
1572 610 1786 665 opera,
1820 597 2096 653 militibus
2150 603 2304 653 tetu-

479 691 620 746 pore
668 675 984 729 necessario
1005 672 1344 745 Respublica
1376 686 1536 727 caret
1557 712 1577 743 ,
1629 674 1701 729 ob
1740 690 1835 729 eas
1868 693 1994 747 res,
2047 666 2305 751 ignomi-

478 755 586 809 niae
636 772 801 809 causa
824 794 843 825 ,
893 755 964 807 ab
991 748 1245 807 exercitu
1298 770 1423 809 meo
1456 747 1523 809 te'
1564 770 1830 810 removeo
1853 794 1872 825 ,
1926 750 2198 831 hodieque
2232 778 2301 815 ex

477 834 680 889 Africa
710 836 902 889 abesse
929 873 947 901 ‚
977 846 1035 887 et
1067 848 1336 905 quantum
1372 846 1558 903 potes,
1593 830 1869 905 proficisci
1902 834 2083 909 jubeo.
2117 838 2304 893 Itetn-

479 931 590 989 q-ue
645 927 742 985 te,
771 914 843 969 A.
879 912 1128 983 Fontei,
1168 914 1316 987 qnod
1366 914 1621 968 tribunus
1674 914 1922 969 militum
1978 919 2304 991 seditiosus,

479 998 772 1069 malusque
802 994 958 1053 cives
988 992 1146 1048 fuisti
1170 1034 1190 1063 ,
1221 992 1292 1048 ab
1334 994 1585 1049 exercitu
1634 992 1886 1052 dimitto.
1920 996 1981 1041 ⁷9
2017 996 2089 1057 T.
2118 994 2305 1054 Silie·

481 1092 554 1131 ne
575 1114 595 1145 ,
645 1073 730 1133 Μ.
781 1072 924 1127 Tiro
943 1111 966 1147 ‚
996 1071 1062 1127 C.
1087 1066 1370 1131 'Clusiane
1392 1112 1412 1143 ,
1442 1090 1570 1131 cum
1600 1072 1831 1129 ordines
1860 1076 1919 1128 in
1966 1094 2091 1131 meo
2121 1094 2303 1134 exer-

480 1155 600 1215 citu
622 1194 644 1227 ,
695 1151 971 1210 beneficio
993 1193 1011 1223 ,
1064 1170 1174 1207 non
1229 1154 1446 1207 virtute
1476 1154 1766 1209 consecuti
1792 1194 1812 1225 ,
1864 1155 1948 1209 ita
1979 1174 2079 1211 vos
2110 1175 2303 1231 gesse-

480 1236 612 1291 ritis
634 1275 653 1304 ,
705 1247 764 1293 ut
796 1250 977 1307 >neque
1009 1234 1156 1289 bello
1187 1232 1367 1289 fortes
1388 1274 1407 1303 ,
1430 1250 1617 1303 *neque
1651 1250 1785 1305 pace
1816 1233 1949 1291 boni
1972 1275 1992 1307 ,
2042 1250 2139 1291 ant
2186 1239 2304 1293 uti-

479 1316 565 1375 les
613 1313 880 1384 fueritiS,
931 1325 992 1369 et
1051 1314 1232 1387 magis
1276 1314 1336 1367 in
1380 1313 2032 1370 seditione-concitandi
2086 1317 2307 1374 milites

481 1395 752 1454 adversus
803 1405 1053 1449 vestrum
1110 1395 1559 1466 imperatorem,
1618 1410 1784 1466 quam
1848 1396 2118 1467 pudoris,
2170 1414 2307 1457 mo-

413 1496 421 1507 ‘
480 1475 789 1550 destiaeque
828 1474 1055 1530 fueritis
1085 1474 1496 1543 studiosior-ee,
1548 1473 1812 1546 indignos
1844 1492 1945 1531 vos
1985 1492 2107 1531 esse
2148 1478 2309 1533 arbi-

482 1566 647 1628 tror,
697 1554 887 1629 quiin
929 1571 1058 1611 meo
1098 1554 1353 1625 exercitu
1404 1552 1632 1610 ordines
1672 1553 1937 1626 ducati33
1990 1558 2309 1633 missosque

481 1633 636 1695 facio
659 1676 678 1707 ,
727 1648 789 1690 et
819 1647 1090 1708 quantum
1124 1635 1362 1708 potestis
1384 1674 1403 1705 ,
1456 1634 1649 1689 abesse
1691 1651 1763 1689 ex
1812 1632 2011 1690 Africa
2046 1636 2245 1709 jubeo.
2268 1639 2340 1711 „⁹

481 1712 683 1793 Itaque
732 1716 978 1773 tradidit
1025 1733 1124 1775 eos
1153 1714 1615 1787 centurionibus,
1664 1728 1723 1769 et
1752 1715 1989 1787 singulis
2020 1733 2123 1770 non
2166 1734 2319 1773 ain-

483 1798 632 1868 plius
673 1796 910 1871 singulis
935 1796 1151 1851 additis
1180 1796 1402 1865 servis,
1452 1795 1511 1848 in
1544 1794 1675 1847 navi
1716 1795 2087 1868 imponendos
2126 1812 2322 1868 sepa-

369 1874 441 1936 53
486 1878 662 1933 ratim
711 1877 955 1933 curavit.
999 1874 1212 1933 Gaetuli
1256 1873 1489 1932 interim
1535 1872 1817 1946 perfugae,
1864 1893 2001 1949 quas
2043 1892 2173 1930 cum
2224 1878 2313 1933 li·-

483 1957 627 2017 teris
647 1996 666 2027 ,
707 1955 1101 2029 mandatisque
1131 1974 1165 2011 a
1205 1952 1431 2011 Caesare
1461 1955 1660 2010 missos
1698 1950 1757 1989 ⁸0
1788 1972 1957 2023 supra
1989 1955 2319 2030 docuimus,

483 2035 558 2090 ad
589 2052 715 2091 suos
747 2036 900 2090 cives
935 2036 1272 2108 perveniunt
1296 2054 1316 2104 3
1344 2051 1581 2109 quorum
1612 2036 1961 2090 auctoritate
1991 2034 2163 2091 facile
2196 2038 2319 2091 ad-

466 2115 688 2188 ducti,
729 2112 1691 2192 Caesarisquemomine-persuasi,
1730 2130 1764 2167 a
1816 2132 1947 2189 rege
1996 2115 2144 2186 Juba
2200 2117 2323 2171 de-

483 2197 776 2267 sciscunt,
807 2198 1183 2270 celeriterque
1220 2194 1413 2250 cuncti
1462 2210 1621 2251 arma
1672 2194 1947 2265 capiunt;
1998 2209 2321 2266 contraque

483 2293 680 2351 regem
711 2275 1042 2333 facere-non
1071 2276 1357 2340 dubitant.
1411 2271 1630 2345 Quibus
1679 2275 1845 2348 >rebus
1875 2275 2135 2348 cognitis,
2156 2314 2175 2342 ‚
2205 2276 2243 2347 J
2250 2295 2321 2330 u-

483 2355 558 2413 ba
597 2356 881 2413 distentus
921 2358 1144 2429 triplici
1184 2355 1334 2411 bello
1384 2353 1723 2411 necessitate
1773 2370 2040 2424 coactus,
2088 2355 2160 2409 de
2194 2356 2322 2413 suis

482 2433 668 2508 copiis
698 2476 718 2507 ,
743 2454 882 2509 quas
909 2450 1112 2493 contra
1162 2433 1444 2503 Caesarem
1494 2432 1804 2488 adduxerat
1828 2472 1847 2503 ‚
1900 2452 1982 2488 vx.
2042 2437 2323 2497 cohortes

475 2514 548 2569 'in
593 2514 732 2577 fines
793 2518 954 2589 regni
995 2517 1082 2573 sui
1130 2516 1360 2586 mittit,
1410 2530 1529 2587 quae
1580 2526 1763 2575 essent
1807 2514 2071 2584 praesidio
2110 2527 2329 2569 contra

365 2582 448 2661 56
488 2592 758 2663 Gaetulos.
803 2593 1038 2669 Caesar,
1091 2593 1346 2651 brachiis
1419 2592 1725 2664 perfectis,
1787 2594 2173 2667 promotisque
2246 2611 2327 2651 eo
2398 2626 2405 2635 ·

369 2689 402 2723 0
490 2694 704 2751 usque,
755 2688 820 2733 ut
861 2678 1036 2737 telum
1083 2692 1154 2733 ex
1195 2674 1410 2746 oppido
1462 2674 1639 2727 adiici
1694 2689 1801 2729 non
1848 2688 2077 2743 posset,
2120 2688 2333 2731 castra.

484 2754 694 2813 munit.
738 2754 1036 2829 Ballistis,
1075 2755 1578 2828 scorpionibusque
1623 2752 1837 2806 crebris
1876 2766 2011 2807 ante
2063 2752 2331 2809 frontem

487 2850 850 2906 castrorum,
906 2852 1220 2911 contraque
1280 2833 1551 2906 oppidum
1612 2832 1905 2887 collocatis
1925 2830 2335 2900 ‚defensores

487 2918 640 2978 muri
687 2916 980 2974 deterrere
1028 2934 1139 2972 non
1191 2912 1577 2983 intermittit,
1626 2929 1805 2985 eoque
1854 2928 1908 2963 v.
1965 2910 2222 2977 legiones
2255 2928 2341 2971 ex

491 2997 882 3073 superioribus
931 2999 1140 3055 castris
1183 2995 1437 3051 deducit.
1492 2991 1620 3067 Qua
1663 2992 1936 3047 facultate
1974 2990 2209 3061 oblata,
2246 2992 2341 3045 il-

549 3201 615 3251 79
647 3197 704 3241 Τ.
727 3196 904 3241 Saline.
927 3195 950 3249 )
973 3196 1050 3244 De
1071 3204 1171 3259 quo
1217 3199 1373 3253 supra
1462 3247 1474 3258 ·
1504 3185 1569 3259 89
1632 3178 1795 3241 supra'
1840 3182 2127 3248 decicimas.)
2168 3177 2339 3247 Hujuss

489 3267 603 3316 cap.
631 3266 709 3303 11.
735 3264 854 3308 sect.
885 3261 971 3309 αἱ.
1221 3324 1226 3329 ι
1440 3246 1561 3303 libr&
1588 3260 1699 3308 cap.
1724 3257 1809 3297 12.
1835 3254 1957 3299 sect·
1990 3257 2075 3307 322
