2459 3834
468 70 613 143 140
994 62 1095 125 1513
1159 72 1402 141 neam
1455 73 1778 132 GAmeo

462 162 585 207 tum
632 170 862 211 manere
910 150 1189 209 decrevit.
1230 154 1385 210 Nam
1417 154 1518 211 illo
1567 154 1930 226 incommodo
1965 153 2040 223 de
2079 152 2304 219 Sabini

458 244 653 290 morte
706 238 968 306 perlato,
1014 251 1212 291 omnes
1259 234 1384 289 fere
1427 232 1632 292 Galliae
1682 237 1958 293 civitates·
2000 236 2074 292 de
2127 236 2318 293 bello

368 376 373 383 Ι
463 314 903 387 consultabant,
946 315 1215 385 nuntios,
1269 314 1711 387 legationesque<
1747 316 1808 374 in
1851 331 2056 373 omnes.
2088 328 2314 389 partes

462 390 883 465 dimittebant3
926 406 985 448 et
1038 393 1175 467 quid
1226 394 1431 469 reliqui
1463 395 1690 451 consilii
1736 407 2048 469 caperent,
2107 408 2309 469 atque

464 474 615 527 unde
644 472 877 528 initium
905 473 1043 528 belli
1084 472 1253 530 fieret
1274 512 1294 544 ,
1334 476 1748 546 explorabant3
1787 489 2182 549 nocturnaque
2225 476 2307 529 in

463 551 607 605 locis
666 553 911 608 desertis
957 552 1203 612 concilia
1247 550 1581 625 habebant,
1642 572 1820 627 neque
1872 558 2042 610 ulium
2105 555 2312 610 totius

464 630 673 687 hiemis
701 644 923 707 tempus
942 634 1269 690 intercessit
1291 633 1417 689 sine
1445 634 1835 689 sollicitudine
1857 632 2127 705 Caesaris,
2145 636 2314 707 quin

466 712 715 784 aliquem
742 713 816 769 de
859 713 1158 785 consiliis,
1186 725 1248 768 et
1279 725 1432 769 metu
1473 712 1772 770 Gallorum
1820 715 2077 769 nuntium
2122 715 2314 769 acci-

465 804 647 862 peret.
692 791 763 847 In
810 792 903 849 his
948 794 1023 849 ab
1068 791 1135 848 L.
1183 792 1396 863 Roscio
1425 796 1616 869 legato
1637 832 1658 864 ,
1710 812 1876 867 quem
1905 793 2124 867 legioni
2155 810 2316 851 1111.

464 870 843 944 praefecerat,
892 874 1108 937 certior
1156 886 1218 929 et
1279 871 1463 929 factus
1487 914 1508 947 ,
1563 890 1795 948 magnas
1835 871 2136 929 Gallorum
2179 890 2314 929 co-

467 951 592 1025 pias
630 970 825 1009 earum
870 954 1217 1025 civitatum,
1264 954 1328 997 ⁵⁹
1371 970 1491 1027 quae
1537 951 1852 1009 Armoricae
1905 947 2312 1027 appellantur,-

466 1032 832 1106 oppugnandi
872 1034 961 1089 sui
1004 1050 1211 1105 causa,
1252 1032 1628 1103 convenisse,
1667 1050 1846 1105 neque
1889 1034 2118 1106 longius
2154 1035 2311 1087 mil-

466 1110 615 1167 libus
644 1129 905 1184 passuum
938 1131 1070 1167 vm.
1094 1112 1171 1167 ab
1212 1110 1472 1167 hibernis
1505 1114 1620 1169 suis
1663 1113 1953 1185 abfuisse3
1993 1112 2092 1167 sed
2137 1130 2310 1169 nun·-

471 1191 557 1247 tio
610 1196 787 1250 allato
844 1193 919 1248 de
975 1193 1223 1248 victoria
1278 1187 1560 1264 Caesaris,
1605 1192 1973 1262 discessisse,
2023 1193 2172 1247 adeo
2233 1204 2312 1252 ut

355 1262 434 1325 ⁵4
472 1268 615 1347 iugae
663 1268 870 1331 similis
930 1272 1204 1333 discessus
1255 1272 1568 1329 videretur.
1615 1272 1698 1327 At
1729 1269 1957 1343 Caesar,
2009 1271 2312 1345 principi-

471 1348 572 1409 bus
613 1352 876 1429 cujusque
922 1353 1183 1409 civitatis
1224 1352 1298 1406 ad
1337 1368 1397 1407 se
1437 1352 1660 1407 vocatis
1699 1391 1720 1424 ,
1759 1354 1904 1409 alios
1948 1352 2314 1423 territando,

470 1447 600 1487 cum
648 1450 710 1489 se
749 1432 937 1504 scire,
984 1450 1105 1506 quae
1154 1428 1408 1501 fierent,
1435 1432 1844 1502 denuntiaret,
1884 1432 2028 1487 alios
2071 1432 2309 1496 cohor·-

470 1510 691 1583 tando,
738 1528 1003 1586 magnam
1053 1526 1274 1585 partem
1325 1508 1530 1566 Galliae
1583 1512 1642 1565 in
1691 1509 1886 1567 officio
1929 1509 2136 1567 tenuit.
2182 1510 2310 1566 Ta-

471 1606 603 1645 men
646 1588 934 1662 Senones,
974 1608 1093 1665 quae
1128 1604 1215 1647 est
1247 1591 1455 1647 civitas
1487 1592 1546 1646 in
1577 1589 2015 1663 primis‘firma,
2055 1604 2118 1646 et
2163 1608 2307 1646 ma-

471 1686 595 1743 gnae
624 1670 779 1726 inter
808 1668 1009 1728 Gallos
1047 1666 1457 1743 auctoritatis,
1485 1668 1834 1727 Cavarinum
1857 1710 1874 1741 ,
1902 1672 2070 1744 quem
2099 1668 2302 1727 Caesar

472 1749 621 1823 apud
664 1764 761 1808 eos
802 1768 995 1826 regem
1034 1752 1458 1823 constituerat,
1498 1749 1654 1825 cujus
1695 1750 1875 1807 frater
1915 1749 2310 1824 Moritasgus,

440 1830 725 1901 ,adventu
767 1831 829 1886 in
870 1830 1123 1887 Galliam
1160 1828 1442 1902 Caesaris,
1483 1830 1746 1904 cujusque
1776 1825 2014 1905 majores
2056 1846 2306 1904 regnum

472 1910 879 1983 obtinuerant,
912 1910 1240 1967 interficere
1271 1870 1494 1983 publico
1525 1912 1766 1967 consilio
1793 1910 2021 1981 conati,
2043 1926 2177 1969 cum
2205 1911 2310 1967 ille

470 1990 880 2063 praesensisset,
907 2006 977 2045 ac
1007 1990 1348 2065 profugisset
1370 2008 1590 2066 ,usque
1613 1991 1686 2046 ad
1717 1989 1894 2045 fines·
1879 1990 2120 2063 insecuti
2143 2029 2167 2061 ‚
2198 2007 2308 2045 re·-

470 2084 621 2143 gno,
648 2068 929 2143 domoque
956 2074 1339 2145 expuleruntr,
1367 2082 1464 2142 et,
1493 2071 1686 2127 missis
1717 2070 1790 2126 ad
1819 2067 2101 2125 Caesarem
2125 2070 2308 2125 satis·

472 2146 723 2207 faciendi
754 2166 919 2206 causa
950 2151 1155 2227 legatis
1175 2190 1196 2223 ,
1219 2166 1349 2206 cum
1377 2148 1431 2205 is
1458 2166 1683 2206 ornnem
1707 2150 1780 2205 ad
1809 2168 1870 2205 se
1903 2160 2162 2205 senatum
2203 2166 2312 2203 ve-

470 2230 609 2287 nire·
626 2228 879 2307 jussisset
891 2231 1091 2304 ,dicto
1130 2230 1426 2288 audientes
1456 2244 1570 2287 non
1591 2230 1837 2287 fuerunt.
1869 2228 2119 2284 Tantum
2149 2228 2308 2301 apud

472 2309 736 2367 homines
765 2311 1033 2368 barbaros
1064 2311 1249 2383 valuit
1271 2348 1292 2384 ,
1321 2323 1444 2369 esse
1469 2324 1732 2383 repertos
1761 2311 1981 2383 aliquos
2015 2309 2308 2382 principes

474 2389 610 2445 belli
651 2391 977 2464 inferendi,
1022 2404 1357 2465 tantamque
1400 2388 1654 2450 omnium
1687 2390 2002 2447 voluntatis
2043 2403 2308 2445 commu·

476 2471 757 2526 tationem
808 2472 1047 2544 attulit,
1095 2485 1161 2527 ut
1201 2482 1407 2545 praeter
1437 2469 1701 2541 AEduos,
1729 2482 1788 2525 et
1819 2468 2071 2525 Rhemos
2092 2507 2111 2539 ,
2156 2484 2308 2542 quos

472 2550 760 2623 praecipuo
820 2568 1043 2625 semper
1106 2552 1328 2609 honore
1371 2546 1562 2607 Caesar
1621 2548 1821 2605 habuit
1844 2588 1862 2619 ,
1923 2548 2134 2603 alteros
2195 2564 2309 2621 pro

473 2641 713 2703 vetere,
740 2644 811 2685 ac
842 2643 1120 2703 perpetua
1154 2647 1292 2705 erga
1337 2633 1602 2705 populum
1643 2629 1964 2685 Romanum
2005 2626 2117 2682 fide
2140 2665 2159 2698 ,
2203 2630 2310 2683 al·-

474 2719 631 2767 tet-os
655 2726 759 2785 pro
786 2710 1111 2767 recentibus
1138 2708 1274 2767 belli
1303 2708 1521 2768 Gallici
1551 2706 1804 2781 officiiS,
1833 2710 1989 2764 nulla
2019 2707 2138 2763 fere
2164 2705 2310 2765 fue·-

472 2789 559 2849 rit
616 2790 825 2847 civitas
864 2808 979 2849 non
1024 2803 1285 2865 suspecta
1325 2790 1504 2862 nobis.
1553 2790 1726 2864 quue
1773 2788 1918 2845 adeo
1957 2776 2107 2843 haud
2154 2786 2310 2859 scio,

473 2870 873 2929 mirandumne
900 2872 1014 2943 sit,
1058 2889 1189 2929 cum
1232 2857 1614 2945 compluribus
1653 2869 1785 2925 aliis
1814 2869 1888 2923 de
1915 2868 2138 2938 causis,
2177 2878 2306 2922 tum

412 2948 421 2955 ’
478 2952 727 3025 maxime
749 2988 771 3024 ,
810 2952 961 3032 quod
988 2952 1089 3027 qui
1128 2954 1351 3011 virtute
1375 2951 1513 3009 belli
1555 2948 1816 3008 omnibus
1870 2946 2134 3023 gentibus
2160 2964 2309 3019 pray—

546 3103 617 3156 59
678 3100 795 3153 ,ραι
822 3096 1079 3145 Armorica
1110 3100 1372 3155 appellari·
1435 3094 1652 3144 verbum
1680 3084 1931 3141 Celticum
1965 3104 2070 3140 esse
2107 3089 2316 3137 demon

484 3166 583 3209 tur
602 3157 735 3209 Mih-
754 3170 859 3206 vn.
888 3170 1001 3218 cap.
1030 3169 1117 3217 27.
1141 3167 1264 3207 sect.
1288 3168 1372 3219 75.
1439 3166 1584 3207 strat.
1649 3156 1928 3205 Maritimae
1962 3152 2317 3215 significantur,

468 3214 643 3263 'eorum
670 3220 1011 3275 (celtarum)
1047 3224 1378 3271 consuetudine
1439 3222 1563 3293 quia
1592 3236 1752 3274 armon·
1791 3228 1875 3295 est
1905 3216 2084 3273 Latine
2125 3218 2190 3269 ad
2215 3228 2320 3266 ma·-

486 3277 565 3325 ita
606 3282 861 3341 appellari
905 3282 1182 3333 traditur·
1162 3318 1185 3348 .,
1237 3284 1380 3347 quod
1439 3298 1510 3339 re.
1892 3318 1900 3329 .
