2459 3834
855 91 1234 171 *tin-‘isti
1282 94 1395 169 ἰν.
1876 108 2040 197 ,Ἱά3
2123 98 2130 103 ’

141 195 250 273 gio
277 182 581 255 cosei-iter
608 198 670 255 in
699 194 983 255 Carnutes
1027 196 1319 272 proficisci
1347 195 1544 272 jubet,
1572 185 1773 272 ibique
1800 194 2042 255 hiems·-

337 294 717 354 quorumque
765 296 940 352 opera
1001 279 1344 353 cognoverit
1392 278 1732 355 Tasgetium
1779 278 2042 336 interfe-

137 365 346 430 ctum,
381 362 498 415 hos
547 360 1000 433 comprehensos
1029 361 1204 415 ad'se
1242 358 1502 415 mittere.
1554 360 1806 414 Interim
1852 359 1927 415 ab
1969 376 2038 417 o·-

138 440 388 494 mnibus
435 442 666 515 legatis
685 479 706 512 ,
735 440 1222 515 quaestoribusque
1252 478 1271 509 ‚
1302 440 1505 513 quibus
1550 440 1811 515 legIones
1842 440 2032 497 trudi·-

136 516 317 572 derat
350 558 376 591 ,
406 522 649 577 certior
691 519 878 576 factus
924 535 1012 575 est
1034 560 1054 591 ‚
1087 520 1146 575 iu
1196 518 1461 574 hiberna!
1496 532 1877 592 perventum,
1931 524 2033 576 lo·-

143 286 273 339 re:

132 613 403 673 cumque
436 598 716 657 hibernis
748 616 872 658 esse
903 600 1202 656 munitum.
1240 598 1461 655 Diebus
1481 601 1718 657 circ-iter
1748 613 1865 669 xv„
1894 599 2027 674 qui-

131 674 249 733 bus
282 679 352 733 in
389 678 654 736 hiberna
685 694 919 737 ventum
951 693 1072 752 est,
1112 680 1348 735 initium
1391 681 2027 753 repentini'tumuitus,

137 773 216 812 ac
267 759 648 819 defectionis
689 770 881 818 ortum
916 774 1005 817 est
1043 759 1114 816 ab
1146 759 1488 834 Ambiorige
1519 800 1539 831 ,
1589 774 1650 815 et
1690 758 2027 819 Cativuleoz

137 838 248 910 qui
271 878 293 910 ,
333 856 478 897 curn
528 836 614 897 'ad
665 838 807 897 fines
839 842 1001 915 regni
1045 838 1126 897 sui
1172 838 1433 911 Babino‚
1466 838 1767 915 Cottaeque
1818 853 2027 914 praesto

139 914 452 997 fuissent,
477 920 949 997 frumentumque
981 922 1040 997 iu
1075 920 1317 976 hiberna
1335 923 1861 993 comportavissent
1883 959 1904 992 ‚
1924 922 2027 977 In·-

136 998 484 1055 dutiomari
539 1000 777 1057 Treviri
809 1002 1026 1057 nu‘ntiis
1069 1000 1301 1074 impulsi
1330 1040 1350 1071 ,
1380 1016 1511 1058 suos
1562 1001 2025 1059 concitaveruntz

130 1078 470 1154 subitoque
491 1092 496 1095 “
517 1082 814 1155 oppressis
871 1082 1257 1157 lignatoribus
1277 1120 1297 1152 ,
1350 1096 1557 1157 magua
1606 1098 1777 1159 rnanu
1826 1095 2028 1138 castra

137 1174 573 1234 oppugnatum
605 1172 902 1217 venerunt.
934 1159 1082 1221 Cum
1113 1160 1385 1217 celeriter
1416 1162 1602 1218 nostri
1632 1178 1793 1217 arma
1822 1162 2025 1233 cepis·-

131 1250 276 1293 sent
301 1278 322 1311 ,
357 1244 704 1317 vanumque
744 1242 1215 1312 adscendissent3
1246 1253 1418 1314 atque
1448 1256 1559 1297 uua
1598 1258 1670 1298 ex
1701 1255 1867 1314 parte
1895 1242 2021 1296 Hi-

141 1320 350 1393 spanis
380 1322 692 1397 equitibus
722 1322 978 1394 emissis,
998 1322 1249 1397 equestri
1290 1320 1485 1393 praelio
1514 1322 1837 1395 superiores
1864 1320 2019 1376 fuis-

138 1412 276 1455 sent
310 1416 326 1456 ε
363 1400 690 1475 desperate
722 1420 783 1459 re
804 1443 826 1475 ,
859 1404 1052 1460 hostes
1101 1418 1230 1458 suos
1271 1402 1343 1455 ab
1374 1402 2021 1477 oppugnatione¹redu-

2069 612 2149 709 οε

143 1492 387 1535 xerunt.
441 1480 607 1538 Tum
648 1499 746 1541 suo
776 1500 935 1539 more
983 1484 1491 1538 conclamaverunt
1519 1521 1539 1552 ,
1584 1481 1670 1537 uti
1712 1482 1892 1556 aliqui
1946 1496 2020 1538 ex
2068 1488 2080 1501 '

145 1564 376 1616 nostris
427 1564 508 1617 ad
549 1564 894 1637 colloquium
929 1564 1270 1637 prodirent:
1320 1562 1529 1617 habere
1560 1578 1683 1618 sese
1711 1602 1734 1635 ,
1772 1578 1893 1637 quae
1944 1563 2019 1617 de

148 1653 217 1691 re
247 1644 560 1697 communi
602 1644 795 1699 dicere
840 1646 1055 1700 velient
1075 1683 1095 1714 ,
1135 1641 1340 1717 quibus
1372 1643 1798 1699 controversias
1830 1641 2015 1697 minui

152 1733 326 1787 posse
359 1736 697 1793 sperarent.
747 1722 1017 1780 Mittitur
1068 1722 1140 1778 ad
1181 1740 1281 1779 eos
1312 1723 1677 1797 colloquendi
1728 1738 1898 1779 causa
1940 1720 2010 1777 C.
2057 1754 2135 1817 2¹1

153 1794 519 1877 Cat-pinejus
541 1842 560 1873 ,
589 1818 762 1877 eques
799 1804 1128 1874 Romanus,
1158 1802 1467 1858 familiaris
1510 1802 1587 1877 Q.
1628 1802 1893 1873 Titurii,
1936 1800 2011 1876 Q.

159 1872 372 1948 junius
402 1900 479 1937 ex
514 1882 799 1956 Hispania
839 1884 1072 1959 quidam
1102 1924 1121 1955 ,
1163 1885 1258 1957 qui
1298 1883 1414 1957 jam
1454 1896 1591 1937 ante
1622 1882 1775 1938 iussu
1806 1879 2014 1937 Cesa-

159 1956 245 2011 ris
296 1962 371 2015 ad
423 1962 836 2037 Ambiorigem
881 1965 1174 2019 ventitare
1203 1975 1627 2034 consueverat3
1666 1962 1817 2035 apud
1872 1977 2014 2037 quot

159 2034 484 2098 Ambioriit
517 2044 578 2099 in
624 2043 775 2098 hunc
815 2046 1044 2099 modum
1079 2047 1299 2100 locutus
1345 2054 1474 2101 est:
1516 2042 1706 2115 „Sese
1740 2058 1845 2115 pro
1873 2040 2013 2097 Cae-u·

166 2120 316 2179 saris
357 2122 420 2177 iu
453 2134 522 2179 se
562 2122 862 2179 beneficiis
893 2120 1195 2197 plurimum
1230 2126 1285 2183 ei
1312 2121 1580 2179 confiteri
1606 2124 1839 2194 debere,
1860 2121 2012 2197 quod

163 2195 282 2269 ejus
323 2216 512 2275 opera
557 2204 852 2278 stipendio
898 2204 1176 2259 liberatus
1203 2216 1389 2274 esset,
1419 2204 1569 2276 quod
1601 2203 1907 2258 Aduaticis
1938 2200 2009 2258 fi·

163 2278 394 2337 nitimis
445 2285 564 2339 suis
608 2284 853 2356 pendere
905 2294 1277 2355 con'suesset3
1322 2284 1585 2356 quodque
1626 2284 1679 2338 ei
1738 2292 1797 2338 et
1835 2281 2009 2355 fiiiuS,

163 2368 221 2409 et
253 2358 458 2419 fratris
493 2360 644 2421 filius
679 2365 752 2419 ab
791 2362 1017 2421 Caesare
1047 2365 1271 2420 remissi
1302 2374 1491 2420 essent
1514 2402 1533 2434 ‚
1572 2378 1713 2437 quos
1742 2361 2007 2419 Aduati-

148 2435 221 2515 *ci
261 2440 527 2501 obsidum
579 2461 816 2501 numero
878 2447 1080 2499 missos
1131 2444 1279 2517 apud
1320 2460 1391 2505 „se
1446 2443 1507 2498 iu
1560 2443 1843 2499 servitute
1872 2482 1893 2515 ,
1942 2454 2008 2499 et

88 2582 93 2586 η
165 2519 386 2577 catenis
432 2524 775 2581 tenuissent:
818 2542 1000 2599 neque
1038 2524 1133 2597 id,
1161 2525 1310 2599 quod
1343 2524 1566 2579 fecerat
1602 2525 1675 2578 de
1706 2540 2003 2599 oppugna·

163 2594 328 2653 tione
355 2616 674 2661 castrorum
699 2644 718 2675 ,
747 2620 846 2659 aut
873 2604 1120 2679 judicio,
1151 2617 1253 2660 aut
1283 2608 1585 2679 voluntate
1632 2620 1733 2659 sua
1772 2602 2004 2675 fecisse,

167 2676 266 2731 sed
297 2695 502 2739 coactu
538 2676 802 2739 civitatis
825 2704 846 2753 ς
873 2694 1106 2761 suaque'
1131 2688 1254 2741 esse
1301 2684 1579 2759 ejusmodi
1616 2686 1867 2757 imperia
1886 2723 1907 2754 ‚
1939 2696 2005 2739 ut

165 2764 280 2821 nnn
327 2764 516 2819 minus
560 2762 798 2820 haberet
828 2766 890 2819 in
923 2784 983 2822 se
1021 2764 1162 2840 juris
1194 2765 1545 2835 multitudo,
1572 2781 1743 2837 quam
1776 2764 1901 2835 ipse
1940 2764 2004 2821 in

168 2838 614 2907 multitudinem.
657 2842 912 2901 Civitati
959 2862 1134 2927 porro
1169 2845 1313 2901 hanc
1356 2844 1531 2900 fuisse
1572 2843 1707 2898 belli
1750 2858 2039 2915 causam„
2093 2914 2100 2919 ·

165 2920 308 2987 quod
356 2928 665 2999 repentinae
686 2925 988 2982 Gallorum
1007 2919 1404 2999 'conjurationi
1444 2924 1717 2979 resistere
1746 2940 1857 2979 nou
1892 2940 1997 2995 po·-

167 3000 338 3054 tuerit
359 3042 377 3072 ,
405 3004 558 3060 se‘id
601 3006 771 3060 facile
801 3002 870 3061 ἐκ
893 3008 1153 3063 utilitate
1191 3022 1290 3061 sua
1323 3003 1567 3077 probare
1604 3020 1811 3075 poster,
1840 3003 1995 3079 quod

175 3088 283 3129 non
309 3083 448 3141 adeo
489 3086 568 3141 sit
599 3086 902 3159 imperitus
949 3104 1139 3143 rerum
1163 3126 1183 3157 ‚
1221 3096 1285 3141 ut
1324 3086 1441 3140 suis
1480 3084 1667 3158 copiis
1724 3086 1995 3158 populum

177 3148 549 3242 {Romanorum
581 3182 642 3225 se
685 3182 953 3231 superare
999 3184 1162 3244 posse
1202 3164 1458 3223 confidat
1492 3181 1507 3221 :
1540 3164 1639 3221 sed
1671 3182 1794 3221 esse
1826 3164 1992 3221 Gal·-

176 3230 270 3289 hae
295 3254 578 3301 commune
612 3248 913 3307 consilium
935 3264 960 3303 ·:
1007 3246 1273 3302 omnibus
1320 3244 1581 3302 hibernis
1621 3242 1863 3303 Caesaris
1885 3262 1992 3319 op·

179 3324 480 3391 Pugnandis
531 3326 684 3384 hune
714 3344 836 3385 esse
863 3326 1089 3385 dictum
1115 3328 1273 3385 diem
1300 3364 1325 3401 ‚
1362 3344 1437 3385 ue
1474 3342 1587 3403 qua
1623 3327 1777 3404 legio
1816 3326 1993 3389 alteri
