<?xml version="1.0" encoding="UTF-8"?>
<!DOCTYPE html PUBLIC "-//W3C//DTD XHTML 1.0 Transitional//EN"
    "http://www.w3.org/TR/xhtml1/DTD/xhtml1-transitional.dtd">
<html xmlns="http://www.w3.org/1999/xhtml" xml:lang="en" lang="en">
 <head>
  <title>
</title>
<meta http-equiv="Content-Type" content="text/html;charset=utf-8" />
  <meta name='ocr-system' content='tesseract 3.04.00' />
  <meta name='ocr-capabilities' content='ocr_page ocr_carea ocr_par ocr_line ocrx_word'/>
</head>
<body>
  <div class='ocr_page' id='page_1' title='image "./cjuliicsariscom00lagogoog_0572.png"; bbox 0 0 2459 3834; ppageno 0'>
   <div class='ocr_carea' id='block_1_1' title="bbox 271 74 2224 2789">
    <p class='ocr_par' dir='ltr' id='par_1_1' title="bbox 271 74 2224 2789">
     <span class='ocr_line' id='line_1_1' title="bbox 393 74 2012 173; baseline 0 -22"><span class='ocrx_word' id='word_1_1' title='bbox 393 74 541 173; x_wconf 79' lang='lat'>562</span> <span class='ocrx_word' id='word_1_2' title='bbox 849 93 952 147; x_wconf 74' lang='lat' dir='ltr'>m:</span> <span class='ocrx_word' id='word_1_3' title='bbox 989 94 1231 147; x_wconf 72' lang='grc' dir='ltr'><strong>Βειιο</strong></span> <span class='ocrx_word' id='word_1_4' title='bbox 1277 92 1759 148; x_wconf 74' lang='lat' dir='ltr'>HISPANmNsr</span> <span class='ocrx_word' id='word_1_5' title='bbox 1999 136 2012 151; x_wconf 60' lang='lat'>„</span> 
     </span>
     <span class='ocr_line' id='line_1_2' title="bbox 389 171 2212 247; baseline 0 -12"><span class='ocrx_word' id='word_1_6' title='bbox 389 189 601 235; x_wconf 71' lang='lat' dir='ltr'>caetera</span> <span class='ocrx_word' id='word_1_7' title='bbox 648 172 865 231; x_wconf 70' lang='lat' dir='ltr'>auxilia</span> <span class='ocrx_word' id='word_1_8' title='bbox 891 212 912 244; x_wconf 92' lang='lat'><strong>,</strong></span> <span class='ocrx_word' id='word_1_9' title='bbox 950 184 1011 229; x_wconf 89' lang='lat' dir='ltr'>et</span> <span class='ocrx_word' id='word_1_10' title='bbox 1056 174 1368 247; x_wconf 82' lang='lat' dir='ltr'>equitatus.</span> <span class='ocrx_word' id='word_1_11' title='bbox 1437 171 1703 229; x_wconf 83' lang='lat' dir='ltr'>Praelium</span> <span class='ocrx_word' id='word_1_12' title='bbox 1754 174 2010 232; x_wconf 75' lang='lat' dir='ltr'>elamore</span> <span class='ocrx_word' id='word_1_13' title='bbox 2046 174 2212 235; x_wconf 77' lang='lat' dir='ltr'>facto</span> 
     </span>
     <span class='ocr_line' id='line_1_3' title="bbox 271 252 2222 347; baseline -0.002 -31"><span class='ocrx_word' id='word_1_14' title='bbox 271 282 350 347; x_wconf 70' lang='lat'>2²</span> <span class='ocrx_word' id='word_1_15' title='bbox 392 256 803 315; x_wconf 80' lang='lat' dir='ltr'>committitur.</span> <span class='ocrx_word' id='word_1_16' title='bbox 846 253 966 307; x_wconf 89' lang='lat' dir='ltr'>Hic</span> <span class='ocrx_word' id='word_1_17' title='bbox 994 254 1105 309; x_wconf 89' lang='lat' dir='ltr'>etsi</span> <span class='ocrx_word' id='word_1_18' title='bbox 1132 252 1354 308; x_wconf 77' lang='lat' dir='ltr'>virtute</span> <span class='ocrx_word' id='word_1_19' title='bbox 1385 253 1570 308; x_wconf 85' lang='lat' dir='ltr'><strong>nostri</strong></span> <span class='ocrx_word' id='word_1_20' title='bbox 1598 256 2012 311; x_wconf 81' lang='lat' dir='ltr'>antecedebant</span> <span class='ocrx_word' id='word_1_21' title='bbox 2032 292 2054 327; x_wconf 84' lang='lat'><strong>,</strong></span> <span class='ocrx_word' id='word_1_22' title='bbox 2097 257 2222 312; x_wconf 70' lang='lat' dir='ltr'>ad·-</span> 
     </span>
     <span class='ocr_line' id='line_1_4' title="bbox 392 330 2224 406; baseline -0.003 -11"><span class='ocrx_word' id='word_1_23' title='bbox 392 335 639 394; x_wconf 75' lang='lat' dir='ltr'>versarii</span> <span class='ocrx_word' id='word_1_24' title='bbox 680 338 807 389; x_wconf 84' lang='lat' dir='ltr'>loco</span> <span class='ocrx_word' id='word_1_25' title='bbox 832 332 1130 405; x_wconf 71' lang='lat' dir='ltr'><strong>superiore</strong></span> <span class='ocrx_word' id='word_1_26' title='bbox 1156 330 1608 387; x_wconf 76' lang='lat' dir='ltr'>defendebantur</span> <span class='ocrx_word' id='word_1_27' title='bbox 1649 336 1934 390; x_wconf 72' lang='lat' dir='ltr'>acerrime</span> <span class='ocrx_word' id='word_1_28' title='bbox 1955 373 1977 406; x_wconf 89' lang='lat'><strong><em>,</em></strong></span> <span class='ocrx_word' id='word_1_29' title='bbox 2008 348 2066 389; x_wconf 88' lang='lat' dir='ltr'>et</span> <span class='ocrx_word' id='word_1_30' title='bbox 2101 353 2224 391; x_wconf 85' lang='lat' dir='ltr'>ve-</span> 
     </span>
     <span class='ocr_line' id='line_1_5' title="bbox 388 411 2220 489; baseline -0.001 -15"><span class='ocrx_word' id='word_1_31' title='bbox 388 418 628 474; x_wconf 76' lang='lat' dir='ltr'>hemens</span> <span class='ocrx_word' id='word_1_32' title='bbox 674 411 847 468; x_wconf 79' lang='lat' dir='ltr'>fiebat</span> <span class='ocrx_word' id='word_1_33' title='bbox 896 411 970 467; x_wconf 81' lang='lat' dir='ltr'>ab</span> <span class='ocrx_word' id='word_1_34' title='bbox 1016 412 1278 484; x_wconf 87' lang='lat' dir='ltr'>utrisque</span> <span class='ocrx_word' id='word_1_35' title='bbox 1323 415 1542 467; x_wconf 75' lang='lat' dir='ltr'>clamor</span> <span class='ocrx_word' id='word_1_36' title='bbox 1573 452 1594 482; x_wconf 86' lang='lat'><strong>,</strong></span> <span class='ocrx_word' id='word_1_37' title='bbox 1641 416 1998 489; x_wconf 87' lang='lat' dir='ltr'>telorumque</span> <span class='ocrx_word' id='word_1_38' title='bbox 2035 416 2220 474; x_wconf 71' lang='lat' dir='ltr'>missu</span> 
     </span>
     <span class='ocr_line' id='line_1_6' title="bbox 387 488 2220 565; baseline -0.001 -12"><span class='ocrx_word' id='word_1_39' title='bbox 387 510 694 555; x_wconf 80' lang='lat' dir='ltr'>concursus</span> <span class='ocrx_word' id='word_1_40' title='bbox 722 512 743 563; x_wconf 76' lang='lat'>3</span> <span class='ocrx_word' id='word_1_41' title='bbox 770 492 858 548; x_wconf 80' lang='lat' dir='ltr'>sic</span> <span class='ocrx_word' id='word_1_42' title='bbox 879 528 901 563; x_wconf 84' lang='lat'><strong>,</strong></span> <span class='ocrx_word' id='word_1_43' title='bbox 941 502 1003 547; x_wconf 90' lang='lat' dir='ltr'>ut</span> <span class='ocrx_word' id='word_1_44' title='bbox 1066 507 1244 565; x_wconf 82' lang='lat' dir='ltr'>prope</span> <span class='ocrx_word' id='word_1_45' title='bbox 1302 491 1484 546; x_wconf 83' lang='lat' dir='ltr'>nostri</span> <span class='ocrx_word' id='word_1_46' title='bbox 1543 488 1879 550; x_wconf 83' lang='lat' dir='ltr'>diffiderent</span> <span class='ocrx_word' id='word_1_47' title='bbox 1934 494 2220 551; x_wconf 82' lang='lat' dir='ltr'>victoriae.</span> 
     </span>
     <span class='ocr_line' id='line_1_7' title="bbox 388 569 2222 649; baseline -0.003 -15"><span class='ocrx_word' id='word_1_48' title='bbox 388 574 741 649; x_wconf 75' lang='lat' dir='ltr'>congressus</span> <span class='ocrx_word' id='word_1_49' title='bbox 770 572 927 627; x_wconf 88' lang='lat' dir='ltr'>enim</span> <span class='ocrx_word' id='word_1_50' title='bbox 948 610 970 643; x_wconf 89' lang='lat'>,</span> <span class='ocrx_word' id='word_1_51' title='bbox 998 582 1061 625; x_wconf 88' lang='lat' dir='ltr'>et</span> <span class='ocrx_word' id='word_1_52' title='bbox 1090 574 1310 626; x_wconf 82' lang='lat' dir='ltr'>clamor</span> <span class='ocrx_word' id='word_1_53' title='bbox 1333 608 1354 641; x_wconf 95' lang='lat'><strong><em>,</em></strong></span> <span class='ocrx_word' id='word_1_54' title='bbox 1381 569 1584 644; x_wconf 79' lang='lat' dir='ltr'>quibus</span> <span class='ocrx_word' id='word_1_55' title='bbox 1624 570 1790 627; x_wconf 88' lang='lat' dir='ltr'>rebus</span> <span class='ocrx_word' id='word_1_56' title='bbox 1819 573 2068 628; x_wconf 78' lang='lat' dir='ltr'>maxime</span> <span class='ocrx_word' id='word_1_57' title='bbox 2095 574 2222 630; x_wconf 87' lang='lat' dir='ltr'>ho·—</span> 
     </span>
     <span class='ocr_line' id='line_1_8' title="bbox 389 649 2221 721; baseline -0.003 -8"><span class='ocrx_word' id='word_1_58' title='bbox 389 671 509 713; x_wconf 83' lang='lat' dir='ltr'>stes</span> <span class='ocrx_word' id='word_1_59' title='bbox 537 663 941 710; x_wconf 72' lang='lat' dir='ltr'>conteri-entur</span> <span class='ocrx_word' id='word_1_60' title='bbox 969 689 992 721; x_wconf 89' lang='lat'><strong><em>,</em></strong></span> <span class='ocrx_word' id='word_1_61' title='bbox 1018 650 1078 705; x_wconf 88' lang='lat' dir='ltr'>in</span> <span class='ocrx_word' id='word_1_62' title='bbox 1106 652 1322 706; x_wconf 76' lang='lat' dir='ltr'>collatu</span> <span class='ocrx_word' id='word_1_63' title='bbox 1356 649 1481 721; x_wconf 79' lang='lat' dir='ltr'>pari</span> <span class='ocrx_word' id='word_1_64' title='bbox 1511 664 1679 705; x_wconf 83' lang='lat' dir='ltr'>erant</span> <span class='ocrx_word' id='word_1_65' title='bbox 1705 652 2061 708; x_wconf 83' lang='lat' dir='ltr'>conditione.</span> <span class='ocrx_word' id='word_1_66' title='bbox 2092 652 2221 708; x_wconf 79' lang='lat' dir='ltr'>Ita·</span> 
     </span>
     <span class='ocr_line' id='line_1_9' title="bbox 388 726 2219 809; baseline -0.002 -18"><span class='ocrx_word' id='word_1_67' title='bbox 388 726 498 809; x_wconf 72' lang='lat' dir='ltr'>que</span> <span class='ocrx_word' id='word_1_68' title='bbox 540 750 612 789; x_wconf 82' lang='lat' dir='ltr'>ex</span> <span class='ocrx_word' id='word_1_69' title='bbox 670 744 907 804; x_wconf 88' lang='lat' dir='ltr'>utroque</span> <span class='ocrx_word' id='word_1_70' title='bbox 950 746 1159 803; x_wconf 80' lang='lat' dir='ltr'>genere</span> <span class='ocrx_word' id='word_1_71' title='bbox 1209 746 1404 802; x_wconf 67' lang='lat' dir='ltr'>pugnae</span> <span class='ocrx_word' id='word_1_72' title='bbox 1432 768 1453 800; x_wconf 92' lang='lat'>,</span> <span class='ocrx_word' id='word_1_73' title='bbox 1512 744 1646 785; x_wconf 43' lang='lat' dir='ltr'>eum⁴</span> <span class='ocrx_word' id='word_1_74' title='bbox 1685 737 1884 803; x_wconf 79' lang='lat' dir='ltr'>parem</span> <span class='ocrx_word' id='word_1_75' title='bbox 1935 732 2219 787; x_wconf 82' lang='lat' dir='ltr'>virtutem</span> 
     </span>
     <span class='ocr_line' id='line_1_10' title="bbox 387 808 2220 880; baseline -0.001 -11"><span class='ocrx_word' id='word_1_76' title='bbox 387 814 463 869; x_wconf 75' lang='lat' dir='ltr'>ad</span> <span class='ocrx_word' id='word_1_77' title='bbox 492 812 815 869; x_wconf 82' lang='lat' dir='ltr'>bellandum</span> <span class='ocrx_word' id='word_1_78' title='bbox 844 810 1221 865; x_wconf 69' lang='lat' dir='ltr'>contulissent</span> <span class='ocrx_word' id='word_1_79' title='bbox 1247 848 1268 880; x_wconf 91' lang='lat'>,</span> <span class='ocrx_word' id='word_1_80' title='bbox 1327 809 1570 880; x_wconf 68' lang='lat' dir='ltr'>pilorum</span> <span class='ocrx_word' id='word_1_81' title='bbox 1621 812 1796 867; x_wconf 85' lang='lat' dir='ltr'>missu</span> <span class='ocrx_word' id='word_1_82' title='bbox 1844 808 1954 866; x_wconf 81' lang='lat' dir='ltr'>fixa</span> <span class='ocrx_word' id='word_1_83' title='bbox 2005 827 2220 867; x_wconf 85' lang='lat' dir='ltr'>cumu-</span> 
     </span>
     <span class='ocr_line' id='line_1_11' title="bbox 384 888 2220 963; baseline 0 -16"><span class='ocrx_word' id='word_1_84' title='bbox 384 892 542 949; x_wconf 78' lang='lat' dir='ltr'>latur</span> <span class='ocrx_word' id='word_1_85' title='bbox 564 932 582 963; x_wconf 88' lang='lat'><strong>,</strong></span> <span class='ocrx_word' id='word_1_86' title='bbox 628 902 704 947; x_wconf 73' lang='lat' dir='ltr'>et</span> <span class='ocrx_word' id='word_1_87' title='bbox 732 888 991 945; x_wconf 87' lang='lat' dir='ltr'>concidit</span> <span class='ocrx_word' id='word_1_88' title='bbox 1044 888 1505 945; x_wconf 74' lang='lat' dir='ltr'>adversariorum</span> <span class='ocrx_word' id='word_1_89' title='bbox 1545 891 1874 947; x_wconf 87' lang='lat' dir='ltr'>multitudo.</span> <span class='ocrx_word' id='word_1_90' title='bbox 1926 890 2220 947; x_wconf 81' lang='lat' dir='ltr'>Dextrum</span> 
     </span>
     <span class='ocr_line' id='line_1_12' title="bbox 387 967 2220 1043; baseline -0.001 -16"><span class='ocrx_word' id='word_1_91' title='bbox 387 967 907 1029; x_wconf 83' lang='lat' dir='ltr'>demonstravimus</span> <span class='ocrx_word' id='word_1_92' title='bbox 938 967 1302 1025; x_wconf 82' lang='lat' dir='ltr'>Decumanos</span> <span class='ocrx_word' id='word_1_93' title='bbox 1351 986 1528 1023; x_wconf 83' lang='lat' dir='ltr'>cornu</span> <span class='ocrx_word' id='word_1_94' title='bbox 1588 970 1886 1043; x_wconf 73' lang='lat' dir='ltr'>tenuiss03</span> <span class='ocrx_word' id='word_1_95' title='bbox 1939 972 2037 1043; x_wconf 87' lang='lat' dir='ltr'>qui</span> <span class='ocrx_word' id='word_1_96' title='bbox 2096 972 2220 1026; x_wconf 85' lang='lat' dir='ltr'>etsi</span> 
     </span>
     <span class='ocr_line' id='line_1_13' title="bbox 296 1048 2222 1124; baseline -0.002 -17"><span class='ocrx_word' id='word_1_97' title='bbox 296 1116 301 1123; x_wconf 31' lang='lat'><strong>¹</strong></span> <span class='ocrx_word' id='word_1_98' title='bbox 385 1066 555 1108; x_wconf 82' lang='lat' dir='ltr'>erant</span> <span class='ocrx_word' id='word_1_99' title='bbox 589 1050 793 1124; x_wconf 84' lang='lat' dir='ltr'>pauci,</span> <span class='ocrx_word' id='word_1_100' title='bbox 839 1060 1027 1105; x_wconf 75' lang='lat' dir='ltr'>tamen</span> <span class='ocrx_word' id='word_1_101' title='bbox 1074 1060 1309 1120; x_wconf 84' lang='lat' dir='ltr'>propter</span> <span class='ocrx_word' id='word_1_102' title='bbox 1358 1048 1637 1103; x_wconf 82' lang='lat' dir='ltr'>virtutem</span> <span class='ocrx_word' id='word_1_103' title='bbox 1665 1088 1687 1121; x_wconf 89' lang='lat'><strong><em>,</em></strong></span> <span class='ocrx_word' id='word_1_104' title='bbox 1734 1064 1942 1123; x_wconf 85' lang='lat' dir='ltr'>magno</span> <span class='ocrx_word' id='word_1_105' title='bbox 1994 1048 2222 1105; x_wconf 78' lang='lat' dir='ltr'>adver-</span> 
     </span>
     <span class='ocr_line' id='line_1_14' title="bbox 386 1124 2220 1202; baseline -0.001 -15"><span class='ocrx_word' id='word_1_106' title='bbox 386 1132 573 1187; x_wconf 81' lang='lat' dir='ltr'>sarios</span> <span class='ocrx_word' id='word_1_107' title='bbox 626 1131 835 1184; x_wconf 86' lang='lat' dir='ltr'>timore</span> <span class='ocrx_word' id='word_1_108' title='bbox 876 1143 1071 1182; x_wconf 88' lang='lat' dir='ltr'>eorum</span> <span class='ocrx_word' id='word_1_109' title='bbox 1118 1143 1292 1199; x_wconf 83' lang='lat' dir='ltr'>opera</span> <span class='ocrx_word' id='word_1_110' title='bbox 1322 1124 1654 1182; x_wconf 76' lang='lat' dir='ltr'>afficiebant</span> <span class='ocrx_word' id='word_1_111' title='bbox 1677 1166 1698 1199; x_wconf 95' lang='lat'>‚</span> <span class='ocrx_word' id='word_1_112' title='bbox 1739 1131 1887 1202; x_wconf 89' lang='lat' dir='ltr'>quod</span> <span class='ocrx_word' id='word_1_113' title='bbox 1917 1144 1951 1181; x_wconf 71' lang='lat' dir='ltr'>a</span> <span class='ocrx_word' id='word_1_114' title='bbox 1981 1146 2081 1184; x_wconf 86' lang='lat' dir='ltr'>suo</span> <span class='ocrx_word' id='word_1_115' title='bbox 2113 1132 2220 1186; x_wconf 84' lang='lat' dir='ltr'>lo·-</span> 
     </span>
     <span class='ocr_line' id='line_1_15' title="bbox 385 1203 2216 1279; baseline -0.001 -13"><span class='ocrx_word' id='word_1_116' title='bbox 385 1225 457 1268; x_wconf 84' lang='lat' dir='ltr'>co</span> <span class='ocrx_word' id='word_1_117' title='bbox 490 1208 681 1267; x_wconf 84' lang='lat' dir='ltr'>hostes</span> <span class='ocrx_word' id='word_1_118' title='bbox 713 1203 1087 1263; x_wconf 80' lang='lat' dir='ltr'>vehementer</span> <span class='ocrx_word' id='word_1_119' title='bbox 1120 1223 1379 1279; x_wconf 80' lang='lat' dir='ltr'>premere</span> <span class='ocrx_word' id='word_1_120' title='bbox 1407 1222 1703 1279; x_wconf 82' lang='lat' dir='ltr'>coeperunt</span> <span class='ocrx_word' id='word_1_121' title='bbox 1734 1245 1757 1279; x_wconf 86' lang='lat'>,</span> <span class='ocrx_word' id='word_1_122' title='bbox 1801 1220 1864 1263; x_wconf 90' lang='lat' dir='ltr'>ut</span> <span class='ocrx_word' id='word_1_123' title='bbox 1912 1205 2216 1267; x_wconf 82' lang='lat' dir='ltr'>ad‘subsi-</span> 
     </span>
     <span class='ocr_line' id='line_1_16' title="bbox 386 1283 2214 1361; baseline -0.001 -16"><span class='ocrx_word' id='word_1_124' title='bbox 386 1290 545 1345; x_wconf 85' lang='lat' dir='ltr'>dium</span> <span class='ocrx_word' id='word_1_125' title='bbox 569 1330 589 1360; x_wconf 89' lang='lat'>‚</span> <span class='ocrx_word' id='word_1_126' title='bbox 630 1283 691 1331; x_wconf 79' lang='lat'>4⁸</span> <span class='ocrx_word' id='word_1_127' title='bbox 726 1303 795 1343; x_wconf 86' lang='lat' dir='ltr'>ne</span> <span class='ocrx_word' id='word_1_128' title='bbox 823 1285 895 1341; x_wconf 78' lang='lat' dir='ltr'>ab</span> <span class='ocrx_word' id='word_1_129' title='bbox 939 1288 1121 1355; x_wconf 81' lang='lat' dir='ltr'>latere</span> <span class='ocrx_word' id='word_1_130' title='bbox 1152 1285 1334 1342; x_wconf 83' lang='lat' dir='ltr'>nostri</span> <span class='ocrx_word' id='word_1_131' title='bbox 1375 1300 1720 1359; x_wconf 83' lang='lat' dir='ltr'>occuparent</span> <span class='ocrx_word' id='word_1_132' title='bbox 1751 1326 1774 1358; x_wconf 88' lang='lat'><strong><em>,</em></strong></span> <span class='ocrx_word' id='word_1_133' title='bbox 1801 1287 1951 1361; x_wconf 85' lang='lat' dir='ltr'>legio</span> <span class='ocrx_word' id='word_1_134' title='bbox 1989 1288 2214 1343; x_wconf 76' lang='lat' dir='ltr'>adver-</span> 
     </span>
     <span class='ocr_line' id='line_1_17' title="bbox 386 1365 2206 1439; baseline -0.003 -11"><span class='ocrx_word' id='word_1_135' title='bbox 386 1370 669 1428; x_wconf 65' lang='lat' dir='ltr'>¹sariorum</span> <span class='ocrx_word' id='word_1_136' title='bbox 713 1365 935 1421; x_wconf 80' lang='lat' dir='ltr'>traduci</span> <span class='ocrx_word' id='word_1_137' title='bbox 987 1376 1175 1435; x_wconf 79' lang='lat' dir='ltr'>coepta</span> <span class='ocrx_word' id='word_1_138' title='bbox 1235 1365 1314 1421; x_wconf 88' lang='lat' dir='ltr'>sit</span> <span class='ocrx_word' id='word_1_139' title='bbox 1371 1365 1443 1420; x_wconf 83' lang='lat' dir='ltr'>ad</span> <span class='ocrx_word' id='word_1_140' title='bbox 1501 1366 1780 1422; x_wconf 79' lang='lat' dir='ltr'>dextrum.</span> <span class='ocrx_word' id='word_1_141' title='bbox 1831 1366 1973 1439; x_wconf 80' lang='lat' dir='ltr'>Quae</span> <span class='ocrx_word' id='word_1_142' title='bbox 2030 1368 2206 1423; x_wconf 85' lang='lat' dir='ltr'>simul</span> 
     </span>
     <span class='ocr_line' id='line_1_18' title="bbox 325 1441 2214 1519; baseline 0 -15"><span class='ocrx_word' id='word_1_143' title='bbox 325 1505 331 1512; x_wconf 73' lang='grc'><strong>,</strong></span> <span class='ocrx_word' id='word_1_144' title='bbox 386 1463 478 1517; x_wconf 81' lang='lat' dir='ltr'>est</span> <span class='ocrx_word' id='word_1_145' title='bbox 510 1462 708 1516; x_wconf 85' lang='lat' dir='ltr'>mota,</span> <span class='ocrx_word' id='word_1_146' title='bbox 752 1445 1040 1519; x_wconf 79' lang='lat' dir='ltr'>equitatus</span> <span class='ocrx_word' id='word_1_147' title='bbox 1078 1441 1323 1500; x_wconf 73' lang='lat' dir='ltr'>Caesaris</span> <span class='ocrx_word' id='word_1_148' title='bbox 1369 1444 1668 1501; x_wconf 86' lang='lat' dir='ltr'>sinistrum</span> <span class='ocrx_word' id='word_1_149' title='bbox 1717 1462 1890 1511; x_wconf 82' lang='lat' dir='ltr'>cornu</span> <span class='ocrx_word' id='word_1_150' title='bbox 1950 1463 2214 1517; x_wconf 83' lang='lat' dir='ltr'>premere</span> 
     </span>
     <span class='ocr_line' id='line_1_19' title="bbox 376 1524 2216 1600; baseline -0.001 -18"><span class='ocrx_word' id='word_1_151' title='bbox 376 1528 587 1600; x_wconf 65' lang='lat' dir='ltr'>coepit.</span> <span class='ocrx_word' id='word_1_152' title='bbox 639 1526 719 1581; x_wconf 86' lang='lat' dir='ltr'>At</span> <span class='ocrx_word' id='word_1_153' title='bbox 750 1526 794 1580; x_wconf 82' lang='lat' dir='ltr'>ii</span> <span class='ocrx_word' id='word_1_154' title='bbox 836 1524 1053 1579; x_wconf 75' lang='lat' dir='ltr'>exImia</span> <span class='ocrx_word' id='word_1_155' title='bbox 1083 1524 1305 1579; x_wconf 84' lang='lat' dir='ltr'>virtute</span> <span class='ocrx_word' id='word_1_156' title='bbox 1337 1524 1588 1595; x_wconf 77' lang='lat' dir='ltr'>praelium</span> <span class='ocrx_word' id='word_1_157' title='bbox 1645 1524 1860 1580; x_wconf 78' lang='lat' dir='ltr'>facere-</span> <span class='ocrx_word' id='word_1_158' title='bbox 1894 1524 2216 1599; x_wconf 82' lang='lat' dir='ltr'>incipiunt,</span> 
     </span>
     <span class='ocr_line' id='line_1_20' title="bbox 388 1598 2214 1678; baseline 0.001 -17"><span class='ocrx_word' id='word_1_159' title='bbox 388 1620 454 1661; x_wconf 88' lang='lat' dir='ltr'>ut</span> <span class='ocrx_word' id='word_1_160' title='bbox 482 1609 643 1662; x_wconf 87' lang='lat' dir='ltr'>locus</span> <span class='ocrx_word' id='word_1_161' title='bbox 668 1604 729 1659; x_wconf 89' lang='lat' dir='ltr'>in</span> <span class='ocrx_word' id='word_1_162' title='bbox 758 1598 987 1659; x_wconf 70' lang='lat' dir='ltr'>acie‘ad</span> <span class='ocrx_word' id='word_1_163' title='bbox 1016 1603 1333 1659; x_wconf 83' lang='lat' dir='ltr'>subsidium</span> <span class='ocrx_word' id='word_1_164' title='bbox 1364 1603 1634 1659; x_wconf 82' lang='lat' dir='ltr'>veniendi</span> <span class='ocrx_word' id='word_1_165' title='bbox 1664 1621 1776 1661; x_wconf 87' lang='lat' dir='ltr'>non</span> <span class='ocrx_word' id='word_1_166' title='bbox 1806 1604 2058 1661; x_wconf 85' lang='lat' dir='ltr'>daretur.</span> <span class='ocrx_word' id='word_1_167' title='bbox 2088 1607 2214 1678; x_wconf 81' lang='lat' dir='ltr'>Ita,</span> 
     </span>
     <span class='ocr_line' id='line_1_21' title="bbox 384 1682 2212 1759; baseline 0.001 -17"><span class='ocrx_word' id='word_1_168' title='bbox 384 1702 516 1753; x_wconf 73' lang='lat' dir='ltr'>cum</span> <span class='ocrx_word' id='word_1_169' title='bbox 556 1688 777 1741; x_wconf 73' lang='lat' dir='ltr'>clamor</span> <span class='ocrx_word' id='word_1_170' title='bbox 815 1694 965 1739; x_wconf 84' lang='lat' dir='ltr'>esset</span> <span class='ocrx_word' id='word_1_171' title='bbox 1011 1682 1368 1738; x_wconf 83' lang='lat' dir='ltr'>intermissus</span> <span class='ocrx_word' id='word_1_172' title='bbox 1423 1684 1672 1755; x_wconf 83' lang='lat' dir='ltr'>gemitus</span> <span class='ocrx_word' id='word_1_173' title='bbox 1699 1723 1720 1756; x_wconf 95' lang='lat'><strong><em>,</em></strong></span> <span class='ocrx_word' id='word_1_174' title='bbox 1776 1684 2212 1759; x_wconf 80' lang='lat' dir='ltr'>gladiorumque</span> 
     </span>
     <span class='ocr_line' id='line_1_22' title="bbox 383 1758 2214 1839; baseline 0.001 -18"><span class='ocrx_word' id='word_1_175' title='bbox 383 1758 639 1839; x_wconf 73' lang='lat' dir='ltr'>&#39;crepitus</span> <span class='ocrx_word' id='word_1_176' title='bbox 692 1762 921 1819; x_wconf 82' lang='lat' dir='ltr'>auribus</span> <span class='ocrx_word' id='word_1_177' title='bbox 947 1762 1223 1833; x_wconf 79' lang='lat' dir='ltr'>oblatus;</span> <span class='ocrx_word' id='word_1_178' title='bbox 1272 1762 1675 1837; x_wconf 86' lang='lat' dir='ltr'>imperitorum</span> <span class='ocrx_word' id='word_1_179' title='bbox 1719 1776 1938 1819; x_wconf 86' lang='lat' dir='ltr'>mentes</span> <span class='ocrx_word' id='word_1_180' title='bbox 1995 1765 2214 1822; x_wconf 79' lang='lat' dir='ltr'>timore</span> 
     </span>
     <span class='ocr_line' id='line_1_23' title="bbox 384 1840 2218 1919; baseline 0 -20"><span class='ocrx_word' id='word_1_181' title='bbox 384 1842 788 1919; x_wconf 76' lang='lat' dir='ltr'>praepediebat.</span> <span class='ocrx_word' id='word_1_182' title='bbox 823 1842 962 1913; x_wconf 86' lang='lat' dir='ltr'>Hic,</span> <span class='ocrx_word' id='word_1_183' title='bbox 992 1854 1055 1897; x_wconf 93' lang='lat' dir='ltr'>ut</span> <span class='ocrx_word' id='word_1_184' title='bbox 1086 1841 1170 1895; x_wconf 84' lang='lat' dir='ltr'>ait</span> <span class='ocrx_word' id='word_1_185' title='bbox 1194 1840 1411 1911; x_wconf 65' lang='lat' dir='ltr'>Ennius</span> <span class='ocrx_word' id='word_1_186' title='bbox 1431 1880 1450 1912; x_wconf 91' lang='lat'><strong>,</strong></span> <span class='ocrx_word' id='word_1_187' title='bbox 1467 1854 1578 1913; x_wconf 81' lang='lat' dir='ltr'>pes</span> <span class='ocrx_word' id='word_1_188' title='bbox 1599 1842 1754 1913; x_wconf 81' lang='lat' dir='ltr'>pede</span> <span class='ocrx_word' id='word_1_189' title='bbox 1771 1842 2081 1915; x_wconf 75' lang='lat' dir='ltr'>premitur,</span> <span class='ocrx_word' id='word_1_190' title='bbox 2111 1861 2218 1899; x_wconf 81' lang='lat' dir='ltr'>ar-</span> 
     </span>
     <span class='ocr_line' id='line_1_24' title="bbox 382 1920 2208 1995; baseline 0.001 -17"><span class='ocrx_word' id='word_1_191' title='bbox 382 1924 495 1985; x_wconf 83' lang='lat' dir='ltr'>mis</span> <span class='ocrx_word' id='word_1_192' title='bbox 524 1931 795 1981; x_wconf 81' lang='lat' dir='ltr'>teruntur</span> <span class='ocrx_word' id='word_1_193' title='bbox 834 1937 995 1976; x_wconf 83' lang='lat' dir='ltr'>arma</span> <span class='ocrx_word' id='word_1_194' title='bbox 1014 1958 1033 1991; x_wconf 93' lang='lat'>‚</span> <span class='ocrx_word' id='word_1_195' title='bbox 1058 1920 1534 1995; x_wconf 80' lang='lat' dir='ltr'>adversariosque</span> <span class='ocrx_word' id='word_1_196' title='bbox 1561 1922 2064 1979; x_wconf 83' lang='lat' dir='ltr'>vehementissime</span> <span class='ocrx_word' id='word_1_197' title='bbox 2097 1941 2208 1995; x_wconf 87' lang='lat' dir='ltr'>pu-</span> 
     </span>
     <span class='ocr_line' id='line_1_25' title="bbox 384 1999 2209 2076; baseline 0 -17"><span class='ocrx_word' id='word_1_198' title='bbox 384 2014 627 2076; x_wconf 78' lang='lat' dir='ltr'>gnantes</span> <span class='ocrx_word' id='word_1_199' title='bbox 654 1999 837 2055; x_wconf 81' lang='lat' dir='ltr'>nostri</span> <span class='ocrx_word' id='word_1_200' title='bbox 864 2014 1035 2073; x_wconf 81' lang='lat' dir='ltr'>agere</span> <span class='ocrx_word' id='word_1_201' title='bbox 1056 2012 1354 2071; x_wconf 77' lang='lat' dir='ltr'>coeperunt</span> <span class='ocrx_word' id='word_1_202' title='bbox 1375 2016 1391 2055; x_wconf 77' lang='lat' dir='ltr'><strong><em>z</em></strong></span> <span class='ocrx_word' id='word_1_203' title='bbox 1418 2000 1622 2073; x_wconf 83' lang='lat' dir='ltr'>quibus</span> <span class='ocrx_word' id='word_1_204' title='bbox 1643 2002 1916 2073; x_wconf 87' lang='lat' dir='ltr'>oppidum</span> <span class='ocrx_word' id='word_1_205' title='bbox 1941 2002 2050 2056; x_wconf 86' lang='lat' dir='ltr'>fuit</span> <span class='ocrx_word' id='word_1_206' title='bbox 2069 2003 2209 2059; x_wconf 88' lang='lat' dir='ltr'>sub-</span> 
     </span>
     <span class='ocr_line' id='line_1_26' title="bbox 382 2074 2205 2154; baseline 0.002 -18"><span class='ocrx_word' id='word_1_207' title='bbox 382 2080 555 2139; x_wconf 85' lang='lat' dir='ltr'>sidio.</span> <span class='ocrx_word' id='word_1_208' title='bbox 592 2078 681 2137; x_wconf 80' lang='lat' dir='ltr'>Ita</span> <span class='ocrx_word' id='word_1_209' title='bbox 711 2081 772 2123; x_wconf 79' lang='lat'>49</span> <span class='ocrx_word' id='word_1_210' title='bbox 823 2074 979 2151; x_wconf 74' lang='lat' dir='ltr'>ipsis&#39;</span> <span class='ocrx_word' id='word_1_211' title='bbox 997 2077 1358 2135; x_wconf 80' lang='lat' dir='ltr'>Liberalibus</span> <span class='ocrx_word' id='word_1_212' title='bbox 1415 2078 1570 2151; x_wconf 85' lang='lat' dir='ltr'>fusi,</span> <span class='ocrx_word' id='word_1_213' title='bbox 1599 2079 1903 2154; x_wconf 77' lang='lat' dir='ltr'>fugatique</span> <span class='ocrx_word' id='word_1_214' title='bbox 1945 2098 2058 2137; x_wconf 87' lang='lat' dir='ltr'>non</span> <span class='ocrx_word' id='word_1_215' title='bbox 2095 2100 2205 2139; x_wconf 84' lang='lat' dir='ltr'>su·-</span> 
     </span>
     <span class='ocr_line' id='line_1_27' title="bbox 380 2156 2211 2235; baseline 0.001 -18"><span class='ocrx_word' id='word_1_216' title='bbox 380 2158 771 2235; x_wconf 77' lang='lat' dir='ltr'>perfuissent,</span> <span class='ocrx_word' id='word_1_217' title='bbox 798 2158 911 2216; x_wconf 82' lang='lat' dir='ltr'>nisi</span> <span class='ocrx_word' id='word_1_218' title='bbox 952 2157 1013 2213; x_wconf 89' lang='lat' dir='ltr'>in</span> <span class='ocrx_word' id='word_1_219' title='bbox 1054 2172 1183 2214; x_wconf 86' lang='lat' dir='ltr'>eum</span> <span class='ocrx_word' id='word_1_220' title='bbox 1241 2161 1428 2215; x_wconf 87' lang='lat' dir='ltr'>locum</span> <span class='ocrx_word' id='word_1_221' title='bbox 1477 2159 1866 2233; x_wconf 85' lang='lat' dir='ltr'>confugissent</span> <span class='ocrx_word' id='word_1_222' title='bbox 1894 2156 1936 2232; x_wconf 74' lang='lat'>,&#39;</span> <span class='ocrx_word' id='word_1_223' title='bbox 1967 2178 2037 2215; x_wconf 85' lang='lat' dir='ltr'>ex</span> <span class='ocrx_word' id='word_1_224' title='bbox 2089 2178 2211 2235; x_wconf 86' lang='lat' dir='ltr'>quo</span> 
     </span>
     <span class='ocr_line' id='line_1_28' title="bbox 327 2233 2213 2314; baseline 0 -19"><span class='ocrx_word' id='word_1_225' title='bbox 327 2286 335 2295; x_wconf 91' lang='lat'>.</span> <span class='ocrx_word' id='word_1_226' title='bbox 382 2252 553 2297; x_wconf 79' lang='lat' dir='ltr'>erant</span> <span class='ocrx_word' id='word_1_227' title='bbox 579 2233 830 2314; x_wconf 81' lang='lat' dir='ltr'>egressi.&#39;</span> <span class='ocrx_word' id='word_1_228' title='bbox 865 2236 933 2293; x_wconf 91' lang='lat' dir='ltr'>In</span> <span class='ocrx_word' id='word_1_229' title='bbox 972 2253 1085 2313; x_wconf 88' lang='lat' dir='ltr'>quo</span> <span class='ocrx_word' id='word_1_230' title='bbox 1134 2238 1330 2309; x_wconf 84' lang='lat' dir='ltr'>praelio</span> <span class='ocrx_word' id='word_1_231' title='bbox 1379 2238 1710 2294; x_wconf 86' lang='lat' dir='ltr'>ceciderunt</span> <span class='ocrx_word' id='word_1_232' title='bbox 1765 2240 1954 2295; x_wconf 81' lang='lat' dir='ltr'>millia</span> <span class='ocrx_word' id='word_1_233' title='bbox 2003 2241 2213 2295; x_wconf 86' lang='lat' dir='ltr'>homi-</span> 
     </span>
     <span class='ocr_line' id='line_1_29' title="bbox 380 2317 2210 2391; baseline -0.001 -13"><span class='ocrx_word' id='word_1_234' title='bbox 380 2336 519 2383; x_wconf 80' lang='lat' dir='ltr'>num</span> <span class='ocrx_word' id='word_1_235' title='bbox 538 2320 777 2375; x_wconf 82' lang='lat' dir='ltr'>circiter</span> <span class='ocrx_word' id='word_1_236' title='bbox 806 2330 979 2387; x_wconf 53' lang='grc' dir='ltr'>κη’,</span> <span class='ocrx_word' id='word_1_237' title='bbox 1009 2328 1071 2372; x_wconf 89' lang='lat' dir='ltr'>et</span> <span class='ocrx_word' id='word_1_238' title='bbox 1098 2318 1149 2372; x_wconf 91' lang='lat' dir='ltr'>si</span> <span class='ocrx_word' id='word_1_239' title='bbox 1180 2317 1315 2391; x_wconf 89' lang='lat' dir='ltr'>quid</span> <span class='ocrx_word' id='word_1_240' title='bbox 1357 2317 1599 2389; x_wconf 80' lang='lat' dir='ltr'>amplius</span> <span class='ocrx_word' id='word_1_241' title='bbox 1627 2334 1644 2375; x_wconf 71' lang='grc' dir='ltr'><strong>ε</strong></span> <span class='ocrx_word' id='word_1_242' title='bbox 1691 2330 1966 2391; x_wconf 77' lang='lat' dir='ltr'>praeterea</span> <span class='ocrx_word' id='word_1_243' title='bbox 1993 2318 2210 2377; x_wconf 75' lang='lat' dir='ltr'>Labie-</span> 
     </span>
     <span class='ocr_line' id='line_1_30' title="bbox 380 2394 2213 2472; baseline 0.001 -18"><span class='ocrx_word' id='word_1_244' title='bbox 380 2416 530 2470; x_wconf 81' lang='lat' dir='ltr'>nus,</span> <span class='ocrx_word' id='word_1_245' title='bbox 578 2411 639 2456; x_wconf 84' lang='lat' dir='ltr'>et</span> <span class='ocrx_word' id='word_1_246' title='bbox 688 2394 1175 2453; x_wconf 69' lang='lat' dir='ltr'>Actius-Varusz</span> <span class='ocrx_word' id='word_1_247' title='bbox 1243 2396 1443 2470; x_wconf 89' lang='lat' dir='ltr'>quibus</span> <span class='ocrx_word' id='word_1_248' title='bbox 1483 2397 1692 2453; x_wconf 80' lang='lat' dir='ltr'>occisis</span> <span class='ocrx_word' id='word_1_249' title='bbox 1738 2398 1992 2472; x_wconf 87' lang='lat' dir='ltr'>utrisque</span> <span class='ocrx_word' id='word_1_250' title='bbox 2039 2398 2213 2456; x_wconf 75' lang='lat' dir='ltr'>funus</span> 
     </span>
     <span class='ocr_line' id='line_1_31' title="bbox 382 2475 2216 2551; baseline 0 -17"><span class='ocrx_word' id='word_1_251' title='bbox 382 2492 473 2535; x_wconf 84' lang='lat' dir='ltr'>est</span> <span class='ocrx_word' id='word_1_252' title='bbox 520 2476 774 2533; x_wconf 83' lang='lat' dir='ltr'>factum:</span> <span class='ocrx_word' id='word_1_253' title='bbox 818 2476 1074 2547; x_wconf 85' lang='lat' dir='ltr'>itemque</span> <span class='ocrx_word' id='word_1_254' title='bbox 1122 2476 1346 2547; x_wconf 85' lang='lat' dir='ltr'>equites</span> <span class='ocrx_word' id='word_1_255' title='bbox 1373 2475 1622 2531; x_wconf 81' lang='lat' dir='ltr'>Romani</span> <span class='ocrx_word' id='word_1_256' title='bbox 1673 2478 1888 2549; x_wconf 88' lang='lat' dir='ltr'>partim</span> <span class='ocrx_word' id='word_1_257' title='bbox 1928 2494 1997 2533; x_wconf 80' lang='lat' dir='ltr'>ex</span> <span class='ocrx_word' id='word_1_258' title='bbox 2045 2476 2216 2551; x_wconf 87' lang='lat' dir='ltr'>urbe,</span> 
     </span>
     <span class='ocr_line' id='line_1_32' title="bbox 380 2553 2214 2631; baseline 0.001 -19"><span class='ocrx_word' id='word_1_259' title='bbox 380 2554 599 2631; x_wconf 78' lang='lat' dir='ltr'>partim</span> <span class='ocrx_word' id='word_1_260' title='bbox 648 2571 720 2611; x_wconf 79' lang='lat' dir='ltr'>ex</span> <span class='ocrx_word' id='word_1_261' title='bbox 782 2554 1083 2627; x_wconf 85' lang='lat' dir='ltr'>provincia</span> <span class='ocrx_word' id='word_1_262' title='bbox 1135 2553 1211 2611; x_wconf 70' lang='lat' dir='ltr'>ad</span> <span class='ocrx_word' id='word_1_263' title='bbox 1261 2554 1446 2611; x_wconf 83' lang='lat' dir='ltr'>miliia</span> <span class='ocrx_word' id='word_1_264' title='bbox 1489 2574 1581 2613; x_wconf 72' lang='grc' dir='ltr'>ιιι.</span> <span class='ocrx_word' id='word_1_265' title='bbox 1633 2554 1840 2613; x_wconf 87' lang='lat' dir='ltr'>Nostri</span> <span class='ocrx_word' id='word_1_266' title='bbox 1889 2556 2214 2617; x_wconf 81' lang='lat' dir='ltr'>desiderati</span> 
     </span>
     <span class='ocr_line' id='line_1_33' title="bbox 382 2633 2204 2710; baseline 0 -19"><span class='ocrx_word' id='word_1_267' title='bbox 382 2636 458 2704; x_wconf 65' lang='lat' dir='ltr'>ad</span> <span class='ocrx_word' id='word_1_268' title='bbox 508 2635 801 2692; x_wconf 85' lang='lat' dir='ltr'>hominum</span> <span class='ocrx_word' id='word_1_269' title='bbox 867 2653 929 2688; x_wconf 81' lang='lat' dir='ltr'>M.</span> <span class='ocrx_word' id='word_1_270' title='bbox 992 2633 1205 2708; x_wconf 81' lang='lat' dir='ltr'>partim</span> <span class='ocrx_word' id='word_1_271' title='bbox 1261 2634 1515 2707; x_wconf 88' lang='lat' dir='ltr'>peditum</span> <span class='ocrx_word' id='word_1_272' title='bbox 1562 2675 1583 2707; x_wconf 91' lang='lat'>,</span> <span class='ocrx_word' id='word_1_273' title='bbox 1641 2637 1854 2708; x_wconf 81' lang='lat' dir='ltr'>partim</span> <span class='ocrx_word' id='word_1_274' title='bbox 1915 2637 2204 2710; x_wconf 85' lang='lat' dir='ltr'>equitum,</span> 
     </span>
     <span class='ocr_line' id='line_1_34' title="bbox 384 2714 2215 2789; baseline 0.002 -17"><span class='ocrx_word' id='word_1_275' title='bbox 384 2716 567 2778; x_wconf 74' lang='lat' dir='ltr'>saucii</span> <span class='ocrx_word' id='word_1_276' title='bbox 626 2715 695 2773; x_wconf 81' lang='lat' dir='ltr'>ad</span> <span class='ocrx_word' id='word_1_277' title='bbox 758 2732 815 2771; x_wconf 77' lang='lat'>1&gt;-</span> <span class='ocrx_word' id='word_1_278' title='bbox 875 2714 1331 2771; x_wconf 82' lang='lat' dir='ltr'>advesariorum.</span> <span class='ocrx_word' id='word_1_279' title='bbox 1363 2714 1564 2789; x_wconf 80' lang='lat' dir='ltr'>aquilae</span> <span class='ocrx_word' id='word_1_280' title='bbox 1626 2728 1762 2773; x_wconf 84' lang='lat' dir='ltr'>sunt</span> <span class='ocrx_word' id='word_1_281' title='bbox 1807 2714 2010 2771; x_wconf 80' lang='lat' dir='ltr'>ablatae</span> <span class='ocrx_word' id='word_1_282' title='bbox 2071 2733 2215 2776; x_wconf 80' lang='lat' dir='ltr'>xm.</span> 
     </span>
    </p>
   </div>
   <div class='ocr_carea' id='block_1_2' title="bbox 373 2897 2211 3346">
    <p class='ocr_par' dir='ltr' id='par_1_2' title="bbox 373 2897 2211 3346">
     <span class='ocr_line' id='line_1_35' title="bbox 442 2897 2211 2960; baseline 0 -13"><span class='ocrx_word' id='word_1_283' title='bbox 442 2907 511 2960; x_wconf 81' lang='lat'>48</span> <span class='ocrx_word' id='word_1_284' title='bbox 574 2903 637 2947; x_wconf 80' lang='lat' dir='ltr'>Ut</span> <span class='ocrx_word' id='word_1_285' title='bbox 658 2900 717 2945; x_wconf 74' lang='lat' dir='ltr'>ab</span> <span class='ocrx_word' id='word_1_286' title='bbox 739 2902 901 2949; x_wconf 69' lang='lat' dir='ltr'>latere</span> <span class='ocrx_word' id='word_1_287' title='bbox 922 2900 1079 2945; x_wconf 75' lang='lat' dir='ltr'>nostri</span> <span class='ocrx_word' id='word_1_288' title='bbox 1120 2912 1259 2945; x_wconf 80' lang='lat' dir='ltr'>occu-</span> <span class='ocrx_word' id='word_1_289' title='bbox 1320 2910 1464 2947; x_wconf 83' lang='lat' dir='ltr'>sacer</span> <span class='ocrx_word' id='word_1_290' title='bbox 1489 2897 1600 2949; x_wconf 76' lang='lat' dir='ltr'>dies</span> <span class='ocrx_word' id='word_1_291' title='bbox 1619 2933 1636 2957; x_wconf 86' lang='lat'>‚</span> <span class='ocrx_word' id='word_1_292' title='bbox 1676 2910 1786 2947; x_wconf 72' lang='lat' dir='ltr'>mu.</span> <span class='ocrx_word' id='word_1_293' title='bbox 1843 2898 1950 2946; x_wconf 82' lang='lat' dir='ltr'>kal.</span> <span class='ocrx_word' id='word_1_294' title='bbox 1991 2897 2211 2957; x_wconf 59' lang='lat' dir='ltr'>Aprilis.</span> 
     </span>
     <span class='ocr_line' id='line_1_36' title="bbox 373 2950 2108 3021; baseline -0.001 -12"><span class='ocrx_word' id='word_1_295' title='bbox 373 2970 567 3021; x_wconf 57' lang='lat' dir='ltr'>parent.</span> <span class='ocrx_word' id='word_1_296' title='bbox 593 2964 615 3015; x_wconf 90' lang='grc'>)</span> <span class='ocrx_word' id='word_1_297' title='bbox 650 2950 745 3009; x_wconf 71' lang='grc' dir='ltr'>Ἕκ</span> <span class='ocrx_word' id='word_1_298' title='bbox 795 2960 989 3008; x_wconf 82' lang='lat' dir='ltr'>Thuani</span> <span class='ocrx_word' id='word_1_299' title='bbox 1064 2960 1259 3009; x_wconf 87' lang='lat' dir='ltr'>duobus</span> <span class='ocrx_word' id='word_1_300' title='bbox 1307 2961 1533 3011; x_wconf 64' lang='lat' dir='ltr'>viridius</span> <span class='ocrx_word' id='word_1_301' title='bbox 1563 2966 1696 3011; x_wconf 85' lang='lat' dir='ltr'>Fast.</span> <span class='ocrx_word' id='word_1_302' title='bbox 1718 2976 1812 3011; x_wconf 87' lang='lat'>111.</span> <span class='ocrx_word' id='word_1_303' title='bbox 1836 2971 1968 3009; x_wconf 75' lang='lat' dir='ltr'>vers.</span> <span class='ocrx_word' id='word_1_304' title='bbox 1988 2972 2108 3018; x_wconf 73' lang='lat'>71¹·</span> 
     </span>
     <span class='ocr_line' id='line_1_37' title="bbox 377 3022 2210 3083; baseline -0.001 -11"><span class='ocrx_word' id='word_1_305' title='bbox 377 3027 511 3073; x_wconf 85' lang='lat' dir='ltr'>MSS.</span> <span class='ocrx_word' id='word_1_306' title='bbox 538 3025 838 3072; x_wconf 85' lang='lat' dir='ltr'>emendatur</span> <span class='ocrx_word' id='word_1_307' title='bbox 860 3022 1118 3073; x_wconf 85' lang='lat' dir='ltr'>Goduinus</span> <span class='ocrx_word' id='word_1_308' title='bbox 1140 3058 1155 3081; x_wconf 91' lang='lat'>,</span> <span class='ocrx_word' id='word_1_309' title='bbox 1202 3036 1258 3071; x_wconf 86' lang='lat' dir='ltr'>e-</span> <span class='ocrx_word' id='word_1_310' title='bbox 1383 3028 1547 3073; x_wconf 77' lang='lat' dir='ltr'>Tertia</span> <span class='ocrx_word' id='word_1_311' title='bbox 1570 3036 1688 3083; x_wconf 77' lang='lat' dir='ltr'>post</span> <span class='ocrx_word' id='word_1_312' title='bbox 1718 3028 1826 3073; x_wconf 78' lang='lat' dir='ltr'>idus</span> <span class='ocrx_word' id='word_1_313' title='bbox 1844 3029 1931 3071; x_wconf 71' lang='lat' dir='ltr'>lux</span> <span class='ocrx_word' id='word_1_314' title='bbox 1961 3033 2040 3073; x_wconf 83' lang='lat' dir='ltr'>est</span> <span class='ocrx_word' id='word_1_315' title='bbox 2074 3028 2210 3072; x_wconf 78' lang='lat' dir='ltr'>cele-</span> 
     </span>
     <span class='ocr_line' id='line_1_38' title="bbox 380 3087 1978 3147; baseline -0.002 -13"><span class='ocrx_word' id='word_1_316' title='bbox 380 3088 515 3135; x_wconf 82' lang='lat' dir='ltr'>tiam</span> <span class='ocrx_word' id='word_1_317' title='bbox 556 3098 701 3135; x_wconf 85' lang='lat' dir='ltr'>seusu</span> <span class='ocrx_word' id='word_1_318' title='bbox 740 3088 1043 3147; x_wconf 83' lang='lat' dir='ltr'>postulante.</span> <span class='ocrx_word' id='word_1_319' title='bbox 1096 3087 1258 3147; x_wconf 78' lang='lat' dir='ltr'>Vulgo</span> <span class='ocrx_word' id='word_1_320' title='bbox 1445 3090 1567 3135; x_wconf 77' lang='lat' dir='ltr'>rima</span> <span class='ocrx_word' id='word_1_321' title='bbox 1593 3091 1788 3137; x_wconf 68' lang='lat' dir='ltr'>Baccho.</span> <span class='ocrx_word' id='word_1_322' title='bbox 1973 3126 1978 3131; x_wconf 90' lang='lat'>.</span> 
     </span>
     <span class='ocr_line' id='line_1_39' title="bbox 377 3148 2210 3217; baseline 0.001 -19"><span class='ocrx_word' id='word_1_323' title='bbox 377 3160 729 3209; x_wconf 74' lang='lat' dir='ltr'>occuparentur.</span> <span class='ocrx_word' id='word_1_324' title='bbox 1120 3178 1130 3181; x_wconf 85' lang='lat'>-</span> <span class='ocrx_word' id='word_1_325' title='bbox 1325 3148 1429 3197; x_wconf 86' lang='lat' dir='ltr'>Cic.</span> <span class='ocrx_word' id='word_1_326' title='bbox 1469 3150 1584 3197; x_wconf 83' lang='lat' dir='ltr'>libr.</span> <span class='ocrx_word' id='word_1_327' title='bbox 1626 3164 1728 3201; x_wconf 79' lang='lat' dir='ltr'>xu-</span> <span class='ocrx_word' id='word_1_328' title='bbox 1765 3150 1915 3217; x_wconf 80' lang='lat' dir='ltr'>epist.</span> <span class='ocrx_word' id='word_1_329' title='bbox 1963 3162 2083 3197; x_wconf 83' lang='lat' dir='ltr'>xxv.</span> <span class='ocrx_word' id='word_1_330' title='bbox 2135 3149 2210 3199; x_wconf 76' lang='lat' dir='ltr'>ad</span> 
     </span>
     <span class='ocr_line' id='line_1_40' title="bbox 383 3210 2210 3276; baseline 0.003 -17"><span class='ocrx_word' id='word_1_331' title='bbox 383 3236 387 3241; x_wconf 94' lang='lat'><em>·</em></span> <span class='ocrx_word' id='word_1_332' title='bbox 434 3212 509 3276; x_wconf 80' lang='lat'>4&#39;9</span> <span class='ocrx_word' id='word_1_333' title='bbox 575 3214 707 3269; x_wconf 69' lang='lat' dir='ltr'>Ipsis</span> <span class='ocrx_word' id='word_1_334' title='bbox 732 3211 1077 3267; x_wconf 60' lang='lat' dir='ltr'>Liberalibus.)</span> <span class='ocrx_word' id='word_1_335' title='bbox 1105 3210 1260 3260; x_wconf 88' lang='lat' dir='ltr'>Libe-</span> <span class='ocrx_word' id='word_1_336' title='bbox 1323 3212 1604 3261; x_wconf 82' lang='lat' dir='ltr'>Cornifium</span> <span class='ocrx_word' id='word_1_337' title='bbox 1633 3230 1648 3263; x_wconf 69' lang='lat' dir='ltr'>a</span> <span class='ocrx_word' id='word_1_338' title='bbox 1685 3213 1992 3266; x_wconf 69' lang='lat' dir='ltr'>Liberalibus*</span> <span class='ocrx_word' id='word_1_339' title='bbox 2025 3216 2210 3265; x_wconf 71' lang='lat' dir='ltr'>litera-r</span> 
     </span>
     <span class='ocr_line' id='line_1_41' title="bbox 376 3273 1856 3346; baseline 0.005 -26"><span class='ocrx_word' id='word_1_340' title='bbox 376 3276 505 3323; x_wconf 81' lang='lat' dir='ltr'>ralia</span> <span class='ocrx_word' id='word_1_341' title='bbox 522 3274 701 3323; x_wconf 76' lang='lat' dir='ltr'>Libero</span> <span class='ocrx_word' id='word_1_342' title='bbox 729 3273 947 3337; x_wconf 80' lang='lat' dir='ltr'>patri,id</span> <span class='ocrx_word' id='word_1_343' title='bbox 974 3274 1258 3346; x_wconf 38' lang='lat' dir='ltr'>est,¹Bacho</span> <span class='ocrx_word' id='word_1_344' title='bbox 1321 3280 1478 3339; x_wconf 63' lang='lat' dir='ltr'>accepi</span> <span class='ocrx_word' id='word_1_345' title='bbox 1503 3286 1637 3343; x_wconf 66' lang='lat' dir='ltr'>tuar-</span> <span class='ocrx_word' id='word_1_346' title='bbox 1853 3290 1856 3293; x_wconf 75' lang='grc'><strong><em>’</em></strong></span> 
     </span>
    </p>
   </div>
   <div class='ocr_carea' id='block_1_3' title="bbox 399 3400 424 3418">
    <p class='ocr_par' dir='ltr' id='par_1_3' title="bbox 399 3400 424 3418">
     <span class='ocr_line' id='line_1_42' title="bbox 399 3400 424 3418; baseline 0 -2"><span class='ocrx_word' id='word_1_347' title='bbox 399 3400 424 3418; x_wconf 62' lang='grc' dir='ltr'><strong>Χ</strong></span> 
     </span>
    </p>
   </div>
   <div class='ocr_carea' id='block_1_4' title="bbox 2428 34 2433 613">
    <p class='ocr_par' dir='ltr' id='par_1_4' title="bbox 2428 34 2433 613">
     <span class='ocr_line' id='line_1_43' title="bbox 2428 34 2433 613; baseline 0 0"><span class='ocrx_word' id='word_1_348' title='bbox 2428 34 2433 613; x_wconf 95' lang='lat' dir='ltr'> </span> 
     </span>
    </p>
   </div>
   <div class='ocr_carea' id='block_1_5' title="bbox 2428 1928 2433 2685">
    <p class='ocr_par' dir='ltr' id='par_1_5' title="bbox 2428 1928 2433 2685">
     <span class='ocr_line' id='line_1_44' title="bbox 2428 1928 2433 2685; baseline 0 0"><span class='ocrx_word' id='word_1_349' title='bbox 2428 1928 2433 2685; x_wconf 95' lang='lat' dir='ltr'> </span> 
     </span>
    </p>
   </div>
  </div>
 </body>
</html>
