2459 3834
872 120 1229 177 zinza
1324 128 1408 179 π.
1931 110 2084 191 34ῑ

826 276 1216 341 CAPUT
1297 282 1463 341 xm.

220 430 397 494 eurio
414 430 785 495 obsidionem
816 439 1013 499 Uticae
1053 454 1258 517 parat.
1323 443 1639 503 Uticenses
1670 438 1742 497 de
1773 432 2076 496 deditione

210 516 549 593 loquuntur.
604 518 839 576 Nuntii
876 523 949 577 de
982 525 1244 581 adventu
1270 522 1449 599 Jubae
1480 519 1714 581 Curioni
1748 534 1854 573 non
1887 520 2071 594 igno-

270 600 329 655 ti
372 599 693 671 oppidanos
724 598 1082 671 confirmant.
1135 602 1310 661 Curio
1350 621 1414 661 se
1467 603 1528 659 in
1570 611 1768 660 castra
1791 594 2008 657 Corne-

688 679 849 739 liana
890 685 1107 758 recipit
1128 723 1150 755 ,
1180 700 1359 761 eaque
1398 684 1602 741 munit.
1747 748 1774 781 l

296 765 596 896 Postero
615 838 711 894 die
735 838 917 898 Curio
948 842 1183 901 Uticam
1215 843 1516 915 obsidere,
1553 854 1624 899 et
1643 842 1796 898 vallo
1815 839 2059 896 circum·
2103 835 2184 915 36

212 918 438 973 munire
492 919 772 975 instituit.
840 924 987 978 Erat
1047 926 1107 980 in
1160 926 1375 999 oppido
1436 922 1750 981 multitudo
1809 921 2062 977 insoleus

210 996 348 1052 beni
373 1038 394 1067 ,
422 998 813 1059 diuturnitate
864 1006 973 1063 otii
1005 1022 1021 1061 ε
1066 1004 1372 1063 Uticenses
1427 1022 1529 1077 pro
1568 1002 1900 1078 quibusdam
1929 996 2060 1053 Cae·

200 1078 352 1149 sanis
406 1079 467 1133 in
513 1096 575 1135 se
642 1080 941 1139 beneficiis
974 1084 1062 1141 ini
1122 1086 1518 1158 amicissimig,
1560 1096 1917 1150 conventus,
1957 1078 2058 1151 qui

196 1174 271 1213 ex
325 1160 507 1215 variis
552 1161 855 1234 generibus
914 1178 1255 1237 constaret3
1299 1178 1488 1221 tert-or
1536 1182 1606 1219 ex
1665 1156 2055 1235 superioribus

196 1239 417 1310 praeliis
468 1256 722 1313 magnus.
774 1242 981 1317 Itaque
1019 1244 1093 1299 de
1132 1246 1432 1301 deditione
1474 1260 1670 1320 omnes
1717 1246 1900 1315 palam
1953 1240 2052 1295 lo-

194 1319 522 1390 quebantur
554 1359 574 1390 ,
615 1333 673 1375 et
724 1338 853 1376 cum
882 1322 951 1381 P.
986 1326 1163 1381 Actio
1212 1323 1502 1397 agebant,
1533 1340 1602 1377 ne
1646 1339 1744 1377 sua
1779 1318 2050 1393 pet-tina.

193 1399 291 1453 cia
336 1400 597 1453 omnium
654 1400 917 1459 fortunas
967 1404 1294 1476 pet-turbari
1338 1407 1530 1459 vellet.
1575 1402 1712 1457 Haec
1753 1416 1880 1453 cum
1911 1414 2048 1473 age-

191 1492 437 1557 rentur,
486 1480 673 1533 nuntii
722 1484 995 1553 praemissi
1038 1482 1113 1538 ab
1164 1500 1298 1559 rege
1350 1482 1502 1554 Juba
1551 1492 1834 1536 venerunt
1869 1518 1889 1550 ,
1946 1479 2047 1551 qui

190 1558 355 1613 illum
388 1576 517 1615 cum
552 1562 775 1633 magnis
806 1564 991 1634 copiis
1028 1564 1229 1620 adesse
1270 1562 1532 1619 dicerent
1556 1601 1576 1633 ,
1616 1573 1677 1617 et
1733 1562 1806 1615 de
1836 1571 2045 1613 custo-

187 1639 331 1710 dia,
382 1657 455 1695 ac
498 1638 829 1697 defensione
883 1644 1036 1699 urbis
1078 1644 1496 1713 hortarentur-3
1545 1658 1665 1715 quae
1721 1657 1810 1695 res
1839 1654 2038 1695 eorum

180 1720 533 1796 perterritos
572 1720 794 1779 animos
835 1720 1221 1779 confirmavit.
1286 1721 1714 1779 Nuntiabantur
1759 1721 1878 1775 haec
1925 1734 2036 1773 ea·
2075 1734 2156 1799 37

184 1802 327 1856 dem
346 1798 586 1853 Curioni
614 1840 633 1869 ,
660 1802 755 1855 sed
787 1804 1117 1877 aliquandiu
1149 1802 1292 1859 fide-s
1313 1800 1441 1859 fieri
1474 1819 1584 1859 non
1619 1812 1878 1875 potet-at:
1909 1811 2030 1854 tan·

188 1894 323 1937 tam
385 1878 627 1935 habebat
666 1874 891 1937 suarum
936 1868 1124 1939 rerum
1167 1882 1457 1942 fiduciam.
1503 1882 1748 1955 Jamque
1791 1876 2037 1970 (ἔπερ-ῖς

184 1961 257 2016 in
292 1958 573 2029 Hispania
621 1977 711 2015 res
758 1963 1012 2019 secundae
1061 1964 1121 2019 in
1164 1963 1428 2019 Ast-leam
1469 1961 1732 2033 nuntiis,
1777 1976 1847 2015 ac
1884 1960 2036 2017 lite-
2169 1966 2249 2029 ’ξ’σ,

182 2042 274 2096 ris
330 2038 777 2111 pet-ferebantur.
827 2039 1049 2115 Quibus
1077 2044 1341 2100 omnibus
1384 2042 1549 2098 rebus
1598 2040 1892 2111 sublatus,
1942 2040 2034 2096 ui-

180 2121 273 2178 hil
294 2132 501 2175 contra
540 2136 603 2174 se
624 2118 843 2193 Regem
863 2123 1165 2179 missurum
1198 2121 1587 2179 existimabat.
1635 2118 1744 2175 Sed
1779 2120 1872 2175 ubi
1903 2134 2030 2174 cet·-

186 2202 269 2257 tis
316 2200 649 2255 auctoribus
708 2203 996 2273 comperit
1016 2243 1035 2275 ‚
1084 2202 1272 2267 minus
1301 2220 1358 2257 v.
1389 2215 1448 2258 et
1479 2219 1572 2257 xx.
1607 2199 1859 2255 millibus
1891 2202 2030 2253 lon-

174 2298 263 2355 ·ge
314 2279 612 2335 ab-Utica
670 2276 785 2351 ejus
836 2282 1032 2353 copias
1094 2283 1336 2352 abesse;
1390 2280 1611 2336 relictis
1675 2278 2028 2333 munitioni-

186 2362 289 2418 bus
311 2400 330 2431 ,
371 2376 495 2417 sese
541 2360 601 2415 in
632 2371 819 2414 castra
846 2358 1195 2418 Corneliana
1236 2357 1474 2433 recepit.
1519 2360 1646 2415 Huc
1679 2358 2026 2419 frumentum

182 2452 597 2510 comportare,
644 2454 833 2495 castra
874 2443 1139 2513 munit-e,
1170 2442 1473 2497 materiam
1516 2437 1780 2495 conferre
1820 2440 2024 2513 coepit,
2118 2456 2134 2465 ”

181 2523 501 2595 statimque
553 2520 613 2573 in
644 2518 903 2575 Siciliam
962 2522 1173 2591 misit,
1224 2520 1312 2577 uti
1371 2538 1460 2576 ιι.
1513 2521 1774 2593 legiones
1801 2556 1824 2589 ,
1873 2520 2026 2575 reli-

176 2618 436 2677 quusque
475 2600 765 2671 equitatus
786 2599 857 2654 ad
888 2618 950 2655 se
994 2602 1343 2675 mittet-etur,-
1385 2598 1592 2657 Castra
1613 2612 1778 2655 erant
1804 2600 1874 2653 ad
1899 2597 2021 2655 bel·
2105 2609 2123 2629 ·‘

177 2685 299 2740 lum
324 2680 655 2737 ducendum,
675 2678 975 2751 aptissima
1006 2692 1211 2737 natura
1235 2721 1255 2752 ,
1297 2693 1356 2737 et
1385 2680 1495 2736 loci
1530 2678 1850 2737 munitione
1879 2716 1900 2748 ,
1957 2690 2021 2735 et

178 2762 362 2819 maris
406 2760 833 2832 propinquitate
854 2800 875 2831 ,
902 2774 961 2815 et
992 2750 1145 2833 aquae
1166 2800 1187 2831 ,
1215 2773 1274 2813 et
1306 2759 1442 2815 salis
1471 2758 1637 2830 copia
1659 2797 1680 2828 ,
1711 2756 1864 2828 cujus
1895 2774 2022 2814 ma.

178 2860 296 2918 gna
330 2841 419 2897 vis
442 2838 559 2913 jam
604 2854 675 2895 ex
720 2840 993 2909 proximis
1043 2853 1167 2903 erat
1209 2838 1408 2895 salinis
1439 2854 1510 2894 eo
1549 2848 1838 2911 congesta.
1880 2834 2017 2895 Non

180 2922 434 2980 materia
488 2919 857 2989 multitudine
898 2920 1163 2979 arborum
1187 2958 1208 2989 ,
1249 2936 1360 2975 nou
1415 2916 1760 2973 frumentum
1785 2955 1804 2985 ,
1863 2916 2016 2990 cujus

182 3013 355 3065 eraut,
396 2998 712 3071 plenissirni
764 2998 931 3071 agri,
981 2997 1224 3055 deficere
1256 3009 1518 3074 poterat.-
1547 2996 1746 3071 ltaque
1786 3012 2016 3053 suorum

184 3082 442 3139 omnium
487 3095 761 3135 consensu
792 3076 972 3134 Curio
1012 3079 1262 3155 reliquas
1308 3077 1505 3152 copias
1537 3088 1910 3155 exspectare,
1947 3089 2012 3133 at

182 3158 395 3221 bellum
420 3160 647 3242 3ducere
689 3158 947 3241 parabat.

1945 3234 1968 3261 0
