2459 3834
568 74 579 83 ,
1661 67 1668 72 -
1841 59 1908 80 ‘⁴⁶⁸

388 96 548 170 420
967 95 1069 147 nn
1121 94 1362 148 nanno
1413 92 1689 172 cmm*

390 195 493 234 sua
543 186 832 250 potestate
864 165 1143 247 haberet',
1170 174 1362 230 Caesar
1407 171 1606 236 effecit
1636 212 1656 244 ,
1695 181 1960 248 magnam
1990 174 2230 250 regium

391 273 600 314 nomen
638 257 789 329 apud
820 273 951 317 suos
965 257 1391 316 ‘auctoritatem
1421 253 1635 322 babere
1663 255 2034 327 existimans,
2063 268 2126 310 et
2151 275 2191 312 u
2209 267 2242 313 t

391 339 583 410 potius
624 337 851 410 privato
902 351 1208 410 paucorum
1230 376 1252 407 ,
1285 346 1346 390 et
1383 337 1676 392 latronum
1717 335 1962 392 consilio
1991 375 2012 406 ,
2047 352 2230 409 quam

237 450 353 494 110
393 419 555 492 regio
604 429 927 489 susceptum
969 417 1177 472 bellum
1228 414 1542 477 videretur.
1583 413 1770 470 Erant
1809 429 1941 495 cum
1987 414 2240 480 Achiua

392 469 574 572 copied
590 537 611 568 ‚
640 509 705 550 ut
748 513 929 570 neque
957 513 1167 570 genere
1192 495 1512 564 hominum,
1532 511 1713 568 neque
1741 513 1841 551 usu
1869 497 1960 550 rei
1989 497 2232 552 milita-

328 631 333 635 .
388 579 471 634 ris
500 577 928 634 contemnendae
961 577 1314 631 viderentur.
1369 575 1572 646 Millia
1609 577 1767 633 enim
1795 593 1893 630 xx.
1937 575 2000 631 in
2039 577 2224 636 armis

387 658 656 722 habebat.
700 656 803 712 Hae
860 655 1203 712 constabant
1249 672 1321 710 ex
1377 652 1728 711 Gabinianis
1775 655 2093 728 militibus,
2123 657 2234 731 qui

382 735 500 811 jam
531 738 593 792 in
636 730 1109 792 consuetudinem
1140 736 1542 792 Alexandrinae
1587 737 1722 792 vitae
1742 776 1764 808 ,
1809 749 1986 810 atque
2025 736 2230 792 licen·-

374 816 481 872 ‹tiae
531 829 850 890 venerant,
894 831 953 872 et
1016 833 1221 874 nomeu
1258 855 1279 887 ‚
1326 814 1804 892 disciplinamque
1853 822 1998 889 pop:
2043 815 2226 877 Rom.

383 896 785 954 dedidicerant
808 937 829 968 ,
860 899 918 931 ¹²
950 913 1262 970 uxoresque
1289 894 1603 965 duxerant',
1623 913 1696 952 ex
1722 897 1924 970 quibus
1948 897 2230 972 plerique

380 977 593 1036 liberos
624 977 931 1034 habebant.
984 979 1119 1044 Huc¹
1152 975 1500 1032 accedebant
1529 978 1758 1033 collecti
1809 993 1880 1030 ex
1921 977 2226 1048 praedoni·-

362 1055 483 1114 ·bus
505 1098 527 1130 ,
584 1057 1018 1130 latronibusque
1060 1054 1244 1130 Syriae
1266 1097 1287 1127 ,
1333 1054 1665 1128 Ciliciaeque
1722 1056 2036 1129 provinciae
2065 1095 2085 1128 ,
2135 1056 2226 1112 fi·-

378 1137 717 1194 nitimarum
762 1139 1079 1210 regionum.
1122 1135 1308 1192 Multi
1360 1149 1634 1208 praeterea
1675 1137 1886 1210 capitis
1935 1137 2224 1211 damnati,

378 1221 681 1292 exulesque
743 1229 1137 1274 convenerant
1179 1233 1195 1273 z
1253 1214 1627 1290 fugitivisque
1677 1216 1942 1274 omnibus
2001 1219 2221 1276 nostris

376 1311 573 1360 certus
623 1309 750 1354 erat
800 1297 1164 1354 Alexandriae
1215 1308 1478 1369 receptus
1509 1335 1527 1366 ‚
1586 1310 1858 1371 certaque
1905 1298 2047 1354 vitae
2075 1315 2220 1356 con-

373 1374 561 1450 diti03'
596 1392 657 1432 ut
678 1379 819 1434 dato
863 1379 1095 1435 nomine
1124 1378 1375 1432 militum
1425 1391 1614 1433 essent
1663 1395 1898 1434 numero
1921 1393 1948 1434 t-
1971 1396 2221 1453 quorum

372 1457 423 1512 si
456 1461 581 1531 quis
624 1476 657 1513 a
690 1459 949 1514 Domino
996 1458 1620 1530 comprehenderetur,
1649 1475 1928 1514 concursu
1961 1460 2222 1515 militum

372 1539 732 1609 eripiebatur
755 1577 775 1607 ‚
806 1539 903 1612 qui
944 1539 1067 1594 vim
1098 1554 1325 1594 suorum
1349 1577 1368 1608 ,
1395 1537 1546 1610 quod
1567 1538 1630 1592 in
1659 1539 1840 1592 simili
1870 1541 2038 1610 culpa
2071 1557 2222 1594 ver-

371 1620 642 1674 sabantur
666 1657 685 1688 ‚
720 1619 832 1690 ipsi
878 1615 980 1690 pro
1010 1634 1111 1680 suo
1146 1617 1398 1688 periculo
1447 1617 1850 1674 defendebant.
1899 1616 1978 1672 Hi
2011 1634 2222 1692 regum

370 1691 588 1754 amicos
629 1699 703 1753 ad
738 1712 983 1754 mortem
1024 1698 1335 1769 deposcere
1367 1716 1398 1768 ς·
1419 1697 1479 1752 hi
1513 1698 1662 1752 bona
1705 1701 2047 1770 locupletum
2093 1698 2210 1752 di·-

368 1777 559 1850 ripere
604 1778 881 1850 stipendii
930 1777 1177 1852 augendi
1216 1793 1440 1848 causa3
1485 1778 1638 1851 regis
1685 1778 1910 1838 domum
1961 1775 2207 1834 obside-

364 1871 477 1927 τας
519 1874 694 1932 regno
718 1860 1003 1930 expellere
1035 1859 1179 1914 alios
1202 1895 1221 1928 ‚
1263 1859 1408 1912 alios
1452 1873 1750 1919 accersere
1771 1898 1792 1929 ,
1821 1871 2015 1915 vetere
2049 1873 2212 1930 quo-

364 1934 498 1989 dam
532 1936 914 1993 Alexandrini
935 1939 1224 1994 >exercitus
1247 1937 1528 1996 instituto
1549 1950 1986 1994 consueverant.
2019 1936 2213 1994 Erant

361 2029 640 2088 praeteaea
672 2018 931 2091 equitum
966 2017 1149 2072 millia
1208 2033 1296 2084 tt.
1321 2056 1342 2087 ,
1371 2019 1467 2090 qui
1519 2017 1994 2074 inveteraverant
2031 2033 2216 2078 com-.-

310 2145 317 2150 .
361 2094 621 2165 pluribus
658 2094 1025 2152 Alexandriae
1073 2095 1261 2152 bellis.
1315 2097 1393 2150 Hi
1445 2094 1812 2154 Ptolemaeum
1859 2111 2090 2170 patrem
2145 2098 2214 2157 in

358 2190 599 2247 regnum
653 2176 1043 2247 reduxerant,
1093 2177 1286 2232 Bibuli
1359 2174 1510 2232 filios
1569 2178 1712 2234 duos
1773 2177 2218 2251 interfecerant,

358 2252 507 2310 bel‘la
548 2272 677 2313 cum
730 2255 1036 2334 AEgyptiIS
1078 2270 1394 2330 gesserant.
1427 2257 1607 2312 'Hunc
1664 2273 1824 2314 usum
1859 2258 1947 2314 rei
1985 2257 2216 2314 milita-

216 2378 310 2416 ...ι
359 2337 440 2390 ris
491 2335 801 2392 habebant.
852 2337 961 2392 His
992 2338 1179 2411 copiis
1228 2335 1411 2392 fidens
1461 2336 1726 2393 Achillas
1754 2375 1775 2408 ‚
1821 2337 2216 2413 paucitatem-

287 2415 289 2417 ’
356 2432 465 2488 que
516 2417 769 2472 militum
810 2413 1057 2472 Caesaris
1098 2416 1421 2490 despiciens
1447 2456 1466 2488 ‚
1494 2429 1742 2490 occupat
1770 2415 2216 2490 Alexandriam,

350 2506 634 2566 praeterea
678 2496 883 2568 oppidi
938 2509 1208 2568 partem,
1247 2512 1430 2569 ,quam
1489 2493 1682 2554 Caesar
1723 2513 1854 2552 curn
1915 2497 2212 2560 militibus

350 2575 615 2646 tenebat,
650 2576 843 2646 primo
887 2575 1110 2646 impetu
1162 2576 1398 2630 domum
1448 2575 1564 2650 ejus
1615 2577 1940 2650 irrumpere
1964 2588 2259 2636 conatus-

270 2711 278 2714 ,
346 2667 452 2710 est.
482 2653 599 2710 Sed
628 2652 847 2726 Caesar,
874 2655 1179 2726 dispositis
1206 2672 1312 2727 per
1342 2657 1468 2710 vias
1497 2656 1834 2712 cohortibus
1859 2697 1882 2728 ‚
1915 2658 2218 2729 impetum

346 2734 465 2808 ejus
497 2735 683 2791 sustin
698 2727 804 2790 uit}
848 2733 1183 2808 Eodemque
1216 2747 1477 2808 tempore
1511 2749 1820 2809 pugnatum
1851 2750 1940 2792 est
1968 2736 2043 2791 ad
2076 2752 2222 2808 por·

351 2827 473 2870 tum
504 2833 517 2871 :
550 2832 618 2870 ac
657 2819 825 2889 longe
864 2816 1175 2870 maximam
1224 2833 1294 2870 ea
1339 2831 1430 2870 res
1470 2817 1672 2871 attulit
1713 2816 2199 2884 dimicationem..

346 2891 530 2950 Simul
570 2893 723 2951 enim
738 2927 767 2968 ,·
786 2894 1037 2950 diductis
1080 2895 1268 2968 copiis
1299 2935 1318 2968 ,
1349 2895 1603 2970 pluribus
1643 2897 1760 2953 viis
1801 2887 2200 2979 pugnabatur:

412 3065 477 3103 12
508 3059 777 3113 Uxoresque
798 3053 1223 3108 duxerant.)1·'uit
1288 3054 1357 3104 ni.
1393 3058 1606 3105 Severus
1639 3055 1925 3118 imperator
1971 3053 2194 3118 πρῶτος

298 3139 304 3144 ·
344 3127 522 3168 contra
550 3122 795 3167 Romanae
827 3117 1031 3166 militiae
1061 3118 1225 3166 disci·-
1292 3121 1565 3177 ἑπεςρεψε
1607 3125 1798 3178 primus
1842 3121 1896 3170 in
1961 3119 2062 3168 hoc
2129 3119 2204 3168 ali

344 3182 542 3242 plinam
573 3194 781 3239 uxores,
810 3183 894 3228 vel
925 3181 1052 3229 alias
1098 3195 1229 3230 mu-
1287 3181 1418 3249 ‘quid
1462 3187 1707 3240 praemisit
1729 3219 1745 3244 ,
1808 3183 2066 3233 referente
2101 3185 2218 3232 He·-

340 3243 492 3291 lieres
528 3240 805 3290 *matris
858 3243 1049 3294 habere
1076 3279 1091 3303 ‚
1139 3253 1230 3294 aut
1295 3241 1509 3292 'rodiano
1543 3256 1662 3296 111.
1691 3250 1739 3296 8.
1786 3248 1888 3298 Adi
1909 3245 2070 3308 Lipsfi
2091 3245 2210 3298 Mil.

340 3305 597 3377 praesidiis
618 3339 633 3366 ,
652 3305 1035 3358 Ucethabetent
1056 3309 1235 3371 domi-
1299 3311 1450 3358 Rom.
1479 3307 1600 3362 libr.
1665 3321 1716 3362 v.
1753 3313 1836 3362 ιε.

2198 9 2209 12 ’
2262 9 2269 11 ”
2296 9 2341 12 ”’
2356 7 2446 80 ’Ἳ
