2459 3834
180 249 265 311 ge
312 228 645 291 firmissima
694 230 875 289 totius
924 228 1240 307 provinciae
1288 228 1544 301 civitas,
1571 224 1834 285 deductis
1891 243 2028 283 ιιι.

186 314 255 371 in
306 329 497 369 arcem
548 312 747 386 oppidi
798 310 1135 369 cohortibus
1178 327 1213 365 a
1267 310 1541 367 Varrone
1585 308 1894 383 praesidio,
1927 324 2027 380 per

187 410 253 450 se
280 393 553 451 cohortes
585 393 799 469 ejecit,
844 406 1149 467 portasque
1191 390 1495 465 praeclusit.
1539 390 1666 446 Hoc
1706 403 1848 444 vero
1887 404 2020 443 ma·
2066 402 2147 446 ao

188 474 273 547 gis
304 490 623 547 properare
664 472 859 531 Varro
883 512 905 544 ,
956 484 1018 529 ut
1048 486 1177 527 cum
1218 470 1541 545 legionibus
1599 467 2026 543 quamprimum

182 548 379 610 Gades
409 554 787 611 contenderet
811 570 825 609 z
869 570 941 608 ne
984 552 1198 607 itinere
1218 590 1240 623 ‚
1269 564 1367 607 aut
1399 550 1714 607 transiectu
1743 548 2024 605 interclu-

179 632 435 689 deretur.
496 632 733 705 Tanta,
780 648 849 689 ac
904 646 1023 689 tam
1071 633 1320 689 secunda
1372 632 1430 687 in
1484 628 1770 688 Caesarem
1803 623 1861 665 ²⁸
1905 644 2022 685 vo-

176 712 409 769 luntate
468 714 779 785 provincie
844 726 1148 789 progresso
1213 712 1270 768 ei
1333 713 1501 785 paulo
1563 711 1788 784 longius
1837 709 2023 765 litera

175 808 213 847 a
243 790 510 851 Gadibus
538 794 900 866 redduntur;
928 793 1095 849 simul
1126 804 1300 864 atque
1323 792 1618 866 cognitum
1646 791 1724 848 sit
1762 791 1835 844 de
1879 790 2020 845 edi-
2076 823 2082 829 -

178 884 287 929 cto
336 872 617 944 Casan-is,
664 872 1018 931 consensisse
1062 871 1388 931 Gaditanos
1443 872 1730 945 principes
1781 873 1840 915 ²⁹
1885 886 2018 927 cum

168 951 465 1012 Tribunis
502 954 841 1012 cohortium
875 993 896 1025 ,
946 970 1067 1028 quae
1122 966 1312 1009 essent
1368 952 1453 1007 ibi
1503 952 1561 1007 in
1606 949 1910 1023 prasidio,
1951 962 2017 1007 ut

174 1028 521 1090 Gallonium
570 1051 641 1089 ex
688 1034 907 1107 oppido
947 1035 1343 1105 expellerent,
1395 1031 1631 1101 urbem,
1664 1032 2016 1101 insulamque
2073 1064 2081 1071 ·

170 1109 391 1169 Caesari
450 1127 771 1170 servarent.
821 1115 951 1171 Hoc
1006 1114 1155 1169 inito
1208 1112 1452 1170 consilio
1494 1152 1514 1184 ,
1583 1108 2016 1168 denuntiavisse

173 1188 453 1250 Gallonio
487 1234 508 1265 ,
578 1206 641 1248 ut
688 1210 789 1250 sua
838 1204 1045 1267 sponte
1065 1234 1087 1267 ‚
1134 1193 1267 1249 dnm
1319 1194 1444 1249 sine
1495 1192 1748 1269 periculo
1787 1189 2015 1262 liceret,

166 1274 477 1341 excederet
516 1272 819 1331 Gadibus:
864 1275 916 1329 si
981 1274 1041 1329 id
1097 1290 1207 1329 non
1239 1273 1512 1344 fecisset,
1551 1271 2013 1337 sibiconsilium

166 1368 459 1425 capturos.
518 1354 649 1410 Hoc
711 1352 925 1411 timore
982 1353 1293 1411 adductum
1355 1350 1689 1409 Gallonium·
1749 1349 2013 1409 Gadibus

165 1434 498 1491 excessisse.
530 1434 641 1490 His
671 1434 921 1507 cognitis
952 1434 1117 1491 rebus
1137 1473 1157 1506 ,
1206 1441 1392 1488 altera
1435 1448 1504 1489 ex
1547 1448 1632 1487 ιι.
1665 1430 2012 1505 legionibus,

163 1528 291 1585 quae
345 1513 677 1573 Vct-nacula
722 1515 1159 1587 appellabatur,
1210 1528 1280 1569 ex
1311 1514 1518 1569 castris
1537 1512 1863 1581 Varronis,
1891 1508 2072 1593 ³⁶⁸5

165 1604 361 1647 stante
383 1632 405 1664 ,
455 1606 517 1649 et
547 1570 939 1666 *spectante
988 1595 1115 1666 ipso
1135 1631 1157 1666 ‚
1198 1594 1362 1667 signa
1413 1594 1650 1649 sustulit
1675 1632 1695 1663 ,
1733 1608 1856 1647 sese
1885 1590 2009 1647 Hi·-

162 1673 375 1743 spalim
428 1674 690 1746 recepit,
728 1686 899 1749 atque
938 1673 999 1729 in
1047 1673 1215 1744 foro,
1244 1686 1304 1729 et
1335 1674 1653 1747 porticibus
1696 1671 1822 1729 sine
1867 1687 2008 1725 ma·-

162 1750 365 1807 leficio
411 1755 695 1812 consedit.
746 1753 917 1828 Quod
965 1754 1181 1811 factum
1212 1754 1358 1811 adeo
1385 1754 1500 1828 ejus
1543 1766 1860 1810 conventus
1907 1752 2008 1806 ci-

160 1846 269 1886 ves
298 1832 549 1889 Romani
597 1835 1157 1908 comprobaverunt,
1198 1846 1268 1890 ut'
1289 1836 1522 1891 domum
1559 1834 1634 1889 ad
1675 1850 1736 1889 se
1765 1832 2007 1907 quisque

156 1908 433 1981 hospitio
479 1914 840 1987 cupidissime
874 1916 1176 1989 reciperet.
1228 1914 1452 1989 Quibus
1509 1914 1676 1971 rebus
1711 1912 2008 1987 perrari-³

165 2000 267 2046 tus
319 1988 550 2064 Varro,
587 2011 755 2067 cum,
804 1995 1021 2053 itinere
1068 2010 1346 2054 converso
1379 2036 1400 2069 ,
1455 1998 1515 2039 ³0
1564 2012 1688 2051 sese
1733 1992 2004 2049 Italicam

160 2082 472 2129 venturum
506 2076 859 2147 promisisset
880 2115 899 2147 ‚
928 2076 1145 2133 certior
1188 2092 1223 2129 a
1263 2078 1381 2133 suis
1408 2076 1594 2133 factus
1613 2088 1734 2147 est,
1755 2076 2004 2148 praeclu-

162 2164 259 2207 sas
284 2168 409 2209 esse
438 2168 651 2225 portas.
683 2152 835 2213 Tum
876 2172 1015 2211 vero
1036 2196 1056 2227 ,
1092 2157 1250 2212 omni
1283 2157 1624 2213 interclusus
1649 2156 1894 2226 itinere,
1923 2152 1998 2209 ad

162 2228 449 2289 Caesarem
481 2235 671 2291 mittit
693 2275 713 2308 ,
754 2248 1015 2309 paratum
1046 2253 1109 2292 se
1128 2252 1251 2291 esse
1278 2238 1562 2311 legionem
1586 2276 1606 2307 ,
1633 2234 1725 2291 cui
1745 2233 2004 2309 jusserit,

163 2311 413 2367 tradere.
457 2312 561 2369 Ille
610 2316 685 2371 ad
733 2332 860 2371 eum
890 2315 1053 2373 Sext.
1084 2314 1368 2372 Caesarem
1402 2316 1590 2372 mittit
1613 2356 1632 2387 ,
1663 2328 1835 2389 atque
1863 2312 2002 2369 huic

158 2392 317 2447 tradi
344 2392 522 2466 jubet.
545 2394 793 2453 Tradita
828 2398 1058 2470 legione
1080 2436 1100 2467 ,
1138 2396 1332 2452 Varro
1362 2395 1690 2454 Cordubam
1738 2396 1808 2450 ad
1853 2393 1996 2450 Ca-

154 2485 345 2527 sarem
379 2474 584 2550 venit:
631 2475 829 2532 relatis
872 2476 943 2530 ad
994 2494 1123 2533 eum
1173 2476 1418 2549 publicis
1455 2477 1774 2533 rationibus
1798 2517 1819 2549 ‚
1865 2491 1996 2532 cum

148 2546 273 2606 fide
318 2554 471 2625 quod
541 2571 711 2626 penes
759 2572 888 2612 eum
937 2570 1025 2613 est
1080 2557 1371 2631 pecuniae,
1411 2558 1637 2631 tradit;
1690 2572 1750 2614 et
1778 2596 1801 2631 ‚
1837 2556 1992 2633 quod

148 2629 367 2710 ubique
394 2632 605 2693 habeat
632 2635 911 2695 frumenti
931 2675 953 2713 ‚
996 2654 1065 2695 ac
1096 2638 1328 2695 navium
1349 2678 1371 2712 ‚
1403 2640 1680 2697 ostendit.

43 12 93 343 ἶ
732 134 749 151 ’
856 138 1191 205 trusit
1269 114 1355 200 ἐπ’.
1876 138 2028 221 329

41 346 46 385 ι’

194 2858 267 2905 28
312 2863 577 2909 Voluntare
613 2864 871 2920 provincia
908 2876 1039 2923 pro-
1102 2877 1192 2924 ne,
1214 2864 1304 2927 qul
1345 2864 1490 2914 illam
1535 2866 1749 2916 alternis
1792 2864 1993 2917 vicibus

136 2924 412 2977 gresso->A
443 2926 617 2971 Faerno
645 2926 755 2973 haec
785 2926 958 2985 lectio,
982 2936 1034 2977 et
1104 2929 1366 2987 regebant.
1389 2934 1449 2977 Et
1464 2929 1590 2977 Plin.
1615 2944 1711 2979 ut.
1733 2930 1884 2985 epist.
1907 2940 1988 2979 ιι.

142 2982 419 3033 Clacconlo
454 3020 471 3044 ‚
520 3000 647 3047 quos
694 2998 921 3038 recentes
974 3004 1037 3039 ο·
1104 2995 1335 3040 tribunus
1373 2992 1597 3041 cohortis
1635 2993 1726 3042 sub
1766 2992 1989 3041 Classico

142 3056 291 3093 mnes
323 3058 619 3109 sequuntur.
647 3055 858 3101 Veteres
890 3052 1058 3115 libri3.
1102 3054 1288 3105 fuerat.
1319 3056 1418 3103 Adi
1451 3055 1676 3117 Lipsium
1719 3070 1789 3105 11.
1817 3061 1889 3105 M.
1922 3060 1986 3106 R.

140 3109 387 3158 voluntas
410 3113 779 3177 reperiebatur.
799 3118 1041 3181 Progres-
1103 3118 1227 3169 dlal.
1250 3132 1328 3167 11.

142 3181 200 3219 so
222 3202 250 3229 ,·
272 3168 372 3222 ὅτε.
1168 3180 1248 3241 3d
1267 3189 1384 3232 Sese
1425 3186 1648 3231 Italicam
1683 3187 1988 3239 venturum.)

206 3242 277 3307 39
326 3241 443 3287 Cum
484 3242 695 3290 tribunis
734 3245 1043 3298 cohortium.)
1084 3246 1338 3293 =1tulicam
1351 3247 1987 3305 coloniamuispaniaenae·

143 3298 377 3347 Minores
426 3300 481 3348 121
516 3302 729 3377 ‘tribuni
776 3306 1041 3367 videntur,
1104 3308 1688 3371 ticaessvid'eGeogt-aph.
1715 3312 1994 3375 aliilegunt

148 3370 313 3422 quam
329 3374 418 3411 sex
445 3363 531 3417 isti
556 3366 609 3416 in
630 3369 861 3430 qualibet
878 3370 1041 3433 legio·
1104 3371 1320 3433 lipam3
1365 3373 1460 3423 alii
1491 3373 1678 3436 llipam
1708 3375 1964 3427 Italicam.
2017 3426 2022 3437 ,
2048 3400 2054 3407 ·
