2459 3834
542 104 685 189 372
995 110 1097 165 D!
1150 108 1398 166 13an
1454 112 1751 169 HISPAN-

534 223 581 259 ,‚
600 199 691 244 ret
716 186 1075 263 provinciam
1098 206 1345 266 vastare,
1367 192 1451 251 ita
1481 208 1544 251 ut
1571 190 1924 269 pedetentim
1939 192 2039 269 qui
2062 194 2388 253 favorabi-

526 303 575 339 ,‚
594 268 673 324 les
702 270 773 324 ab
804 269 953 326 inito
982 271 1209 329 fuerant
1228 313 1248 343 ,
1277 268 1756 349 esse”inciperent
1792 276 1994 333 odiosi.
2027 276 2210 331 Hunc
2263 277 2390 333 sibi

526 382 572 425 ²,
592 348 961 405 novissimum
990 350 1125 407 belli
1146 367 1336 415 netum
1361 354 1596 415 minime
1615 356 2014 429 negligendum
2033 371 2208 415 ratus
2227 354 2390 411 Cae-

524 462 570 498 ‚,
592 443 705 500 sar,
737 445 808 486 eo
842 431 1053 502 raptim
1084 430 1481 503 proficiscitur.
1511 432 1646 492 Duo
1676 436 1738 494 in
1771 439 1878 491 boc
1907 438 2021 491 iter
2053 437 2158 489 vix
2185 437 2390 491 audi-

523 540 569 576 „
591 518 651 563 tu
692 509 995 566 credibilia
1034 511 1381 573 inciderunt.
1413 512 1568 573 Nam
1599 516 1776 571 etiam
1805 514 1878 569 ab
1923 514 2058 573 urbe
2085 515 2386 572 Romana

522 587 643 657 „in
694 588 1035 660 Hispaniam
1066 592 1398 651 ulteriorem
1447 594 1788 653 immensum
1819 608 1982 651 terrae
2011 594 2290 665 spatium
2321 615 2384 651 e·

525 698 567 735 ,‚
588 682 835 740 mensus,
865 687 946 724 tv.
969 682 1028 726 et
1052 687 1142 731 xx.
1174 671 1271 727 die
1306 674 1584 745 pervenit:
1608 673 1843 747 viatori,
1863 691 1936 731 ne
1965 674 2160 731 dicem
2184 690 2379 729 exer-

522 777 567 813 „
582 744 729 802 citui
748 787 769 820 ,
798 750 1063 809 celeritas
1090 751 1364 823 optanda.
1399 750 1672 826 Magnum
1697 770 1712 809 ε
1746 755 1857 809 hoc
1885 738 2036 827 quod
2065 754 2372 825 sequitur,

522 826 777 901 „majus
810 828 1029 885 Horum
1058 824 1338 904 siquidet'n
1371 844 1489 887 tam
1523 850 1825 905 paucorum
1864 832 2056 904 spatio
2099 832 2378 903 dierum,

523 938 568 974 ‚,
589 916 709 965 tam
764 911 971 967 multas
1020 909 1174 967 inter
1223 926 1387 968 curas
1405 951 1427 985 ,
1481 928 1707 986 pooema
1743 912 1977 983 scripsit
1996 951 2017 983 ,
2069 911 2236 985 quod
2267 910 2376 965 in·-

523 1019 569 1053 „
587 988 943 1060 scripsi.1ter
964 1007 991 1059 3
1040 988 1192 1063 quod
1251 990 1388 1047 illud
1441 992 1668 1051 scilicet
1713 992 1778 1047 in
1819 991 2030 1049 itinere
2049 990 2378 1051 ,edidisset-

523 1099 567 1131 ‚,
586 1063 683 1121 Sic
732 1066 990 1123 Pierides
1020 1069 1198 1125 armis
1251 1070 1503 1126 inserere
1523 1110 1543 1142 ,
1593 1070 1774 1127 etiam
1825 1086 2106 1145 nunqnam
2135 1071 2380 1128 otiosus

520 1161 705 1210 „esse
742 1146 1052 1203 didicerat.
1102 1144 1303 1205 Primo
1332 1147 1576 1207 Caesaris
1617 1150 1678 1208 in
1719 1150 2060 1225 Hispaniam
2098 1148 2374 1204 adventu

521 1256 565 1291 ‚‚
584 1224 893 1281 civitatum
924 1239 1110 1283 motus
1154 1228 1356 1303 ingens
1385 1228 1496 1288 fuit
1517 1269 1537 1305 ,
1587 1230 1836 1303 undique
1861 1228 2041 1304 legati
2091 1228 2172 1281 ad
2205 1244 2372 1299 eum,

520 1332 567 1369 2,
585 1304 833 1379 undique
884 1306 1204 1381 transfugae.
1255 1304 1389 1381 Jam
1437 1310 1591 1363 enim
1640 1305 1972 1383 Pompeiani
1999 1306 2242 1382 juvenes
2273 1309 2371 1363 si·

518 1416 563 1450 „
584 1401 656 1440 ve
685 1386 746 1440 in
777 1385 973 1445 odium
994 1426 1015 1459 ,
1062 1386 1189 1442 sive
1237 1386 1298 1445 in
1329 1388 1558 1443 taedium
1591 1389 1743 1445 verti
1775 1401 2071 1461 coeperant
2100 1403 2116 1442 ε
2173 1387 2368 1441 etiam
2424 1439 2425 1457 ἢ

519 1495 565 1530 ,‚
589 1476 650 1519 ut
701 1468 851 1522 nulla
882 1477 1033 1523 esset
1084 1466 1144 1527 in
1175 1467 1261 1522 eis
1309 1472 1493 1540 culpa.
1547 1467 1680 1529 Mos
1709 1482 1799 1524 est
1843 1481 2034 1525 tamen
2084 1466 2367 1540 antiquus
2424 1476 2425 1479 ’

520 1574 565 1610 2,
588 1546 919 1618 populorum
961 1562 1185 1617 semper
1222 1563 1402 1603 novos
1440 1547 1746 1619 dominos,
1789 1563 1966 1605 novas
2007 1561 2100 1602 res
2130 1558 2367 1617 optare.

520 1624 804 1701 „Etiam
844 1624 1264 1699 sama‘Caesaris
1293 1624 1452 1684 hand·
1471 1626 1766 1685 immerito
1795 1642 1964 1699 super
2003 1641 2208 1684 omnes
2262 1643 2362 1680 ex·

521 1733 567 1768 2,
586 1714 883 1778 creverat,
924 1719 988 1763 ut
1014 1706 1270 1767 universi
1301 1706 1562 1765 homines
1591 1706 1708 1779 ejus
1735 1706 2038 1779 splendore
2063 1720 2360 1774 caperen-

520 1812 562 1849 η
584 1798 677 1842 tm·
700 1824 720 1857 ,
765 1787 1147 1859 cuperentque
1196 1802 1393 1847 coram
1443 1802 1716 1858 cernere,
1761 1802 1929 1860 quem
1979 1800 2156 1857 nsque
2210 1784 2360 1839 adeo

520 1895 564 1928 η
584 1866 905 1927 mirabilem
935 1864 1263 1923 audlebant.
1311 1866 1378 1921 In
1410 1867 1522 1923 hoc
1575 1865 1861 1938 principio
1901 1862 2026 1939 ipso
2075 1863 2262 1920 maris
2293 1864 2354 1920 in

518 1970 559 2006 n
584 1945 765 2015 ostio,
798 1946 894 2000 ubi
922 1942 1185 2002 Oceanus
1213 1944 1387 2001 terris
1416 1944 1673 2003 illabitur
1696 1983 1715 2014 ,
1759 1945 1940 2000 etiam
1981 1941 2356 1999 Mediterra-

518 2049 563 2085 ‚‚
594 2035 758 2078 neum
794 2023 902 2083 hoc
950 2025 1181 2099 pelagus
1222 2036 1480 2081 nostrum
1532 2026 1685 2097 parit
1704 2063 1726 2094 ,
1757 2023 1912 2082 inter
1941 2026 2164 2097 legatos
2197 2021 2359 2077 invi-

516 2128 560 2165 η
581 2118 706 2159 cem
739 2104 1008 2177 ,partium
1060 2103 1199 2159 hinc
1247 2101 1532 2175 Didium,
1580 2099 1742 2163 illinc
1768 2101 1988 2159 Varum
2018 2142 2039 2171 ,
2086 2114 2148 2156 et
2208 2118 2350 2157 am-

517 2182 757 2246 „bobus
805 2198 935 2239 cum
964 2183 1091 2259 ipsa
1120 2195 1466 2255 tempestate
1516 2196 1798 2243 certatum
1843 2191 1949 2237 est.
1981 2180 2108 2238 Nee
2162 2181 2357 2239 minus

518 2291 562 2326 2,
582 2280 616 2319 a
668 2264 857 2320 ventis
877 2304 897 2336 ,
925 2277 985 2325 et
1014 2262 1284 2322 fiuctibus
1306 2301 1325 2334 ,
1358 2279 1528 2337 quam
1577 2263 1650 2320 ab
1711 2261 2010 2331 hostibus,
2071 2260 2356 2334 periculi,

518 2370 561 2404 υ
582 2354 755 2417 atque
806 2342 1067 2400 horroris
1089 2382 1111 2415 ,
1158 2341 1294 2403 dum
1345 2356 1407 2397 et
1437 2342 1536 2397 hic
1591 2340 1785 2399 hostes
1813 2340 2083 2396 sevirent
2105 2378 2128 2410 ,
2181 2350 2248 2394 et
2279 2340 2359 2395 il·

518 2449 559 2483 υ
580 2424 689 2489 lius
718 2424 1038 2494 saevitiam,
1079 2421 1406 2493 rabiemque
1445 2420 1742 2479 hominum
1785 2419 1970 2477 maria
1996 2430 2362 2491 coercerent,

518 2527 561 2561 η
584 2516 822 2576 utraque
871 2504 1050 2558 classe
1100 2500 1252 2557 bello
1301 2501 1471 2556 simul
1494 2539 1514 2572 ,
1564 2512 1625 2558 et
1676 2498 1977 2573 naufragio
2016 2499 2352 2569 laborante,

517 2606 563 2640 υ
580 2580 703 2637 duae
758 2595 949 2653 partes
969 2620 990 2651 ,
1042 2579 1155 2637 duo
1183 2580 1370 2635 maria
1389 2619 1408 2650 ,
1460 2579 1670 2650 duplex
1697 2579 1858 2637 furor
1883 2619 1903 2648 ,
1931 2579 2053 2636 duae
2084 2580 2357 2633 elemen-

518 2688 561 2721 υ
583 2674 770 2719 torum
794 2702 813 2733 ,
872 2675 1050 2733 atque
1110 2659 1439 2717 hominnm*
1463 2662 1740 2731 procellae.
1813 2656 1925 2715 Per
1975 2656 2082 2713 hos
2141 2656 2272 2713 dies
2325 2670 2360 2713 a

522 2766 566 2801 υ
584 2738 927 2799 Caesarianis
957 2740 1071 2799 duo
1102 2738 1326 2811 pedites
1355 2738 1515 2812 capti
1549 2750 1680 2799 sunt.
1699 2778 1719 2810 ,
1749 2737 1850 2811 qui
1877 2752 1940 2797 se
1969 2752 2168 2794 servos
2195 2736 2360 2795 dice-

525 2846 569 2882 n
589 2834 738 2879 rent.
791 2820 926 2879 Non
975 2819 1142 2875 licuit
1192 2819 1256 2873 in
1307 2818 1399 2873 his
1445 2815 1662 2874 Caesari
1699 2832 1858 2873 suam
1889 2814 2361 2875 consuetudinem

527 2924 567 2961 υ
592 2918 842 2959 servare.
876 2898 1202 2974 Antequam
1232 2896 1307 2953 ad
1338 2914 1468 2960 eum,
1497 2896 1916 2955 deducerentur
1941 2934 1961 2967 ,
1991 2893 2140 2969 quod
2171 2910 2208 2947 a
2235 2890 2360 2948 Cae·

524 3004 569 3043 υ»
594 2981 822 3039 seriano
852 2980 1109 3039 exercitu
1141 2976 1580 3053 transfugissent
1606 3014 1626 3047 ‚
1655 2974 1942 3050 recogniti
1973 2973 2150 3031 etiam
2182 2986 2217 3027 a
2245 2973 2362 3027 mi-

529 3061 788 3123 „litibus
839 3057 1145 3115 interfecti
1192 3069 1349 3120 sunt.
1405 3054 1486 3115 Et
1536 3056 1872 3113 tabelliones
1901 3054 2060 3125 capti
2078 3090 2098 3123 ‚
2145 3051 2243 3125 qui
2289 3048 2358 3107 ad

521 3163 573 3203 υ
597 3138 929 3215 Pompejum
959 3135 1229 3195 Corduba
1261 3135 1645 3191 mittebantur
1666 3174 1687 3208 ‚
1715 3134 1894 3194 etiam
1927 3130 2178 3205 praecisis
2208 3130 2359 3187 illico

532 3242 577 3281 2,
599 3218 857 3275 manibus
908 3211 1041 3274 sent
1091 3212 1660 3288 remissi.,)Similiter
1709 3216 2029 3288 speculator
2059 3208 2358 3281 Pompeja-

544 3327 591 3373 ‚‚
613 3315 713 3355 nus
742 3310 941 3371 captus
958 3334 981 3370 ‚
1018 3309 1191 3373 etque
1245 3291 1472 3355 occisus
1499 3306 1607 3353 est.
1648 3288 1840 3351 Credo
1868 3307 1979 3367 ego
2005 3290 2190 3347 iratos
2218 3288 2356 3345 bello
