2459 3834
785 91 942 146 2113.
997 92 1075 143 A.
1127 90 1412 143 munt.
1808 142 1813 161 ‚
1853 89 2009 165 493

145 176 554 256 loquebantur.
582 172 876 233 Labienus
903 173 1145 229 interim
1185 188 1317 227 cum
1348 182 1515 245 parte
1543 170 1840 245 equitatus
1880 171 2012 229 Le-

151 263 310 337 ptim
339 260 616 337 oppidum
639 296 660 331 ,
687 252 748 302 4⁸
781 256 885 313 cui*
908 266 1156 329 praeerat
1195 250 1445 331 Saserna
1494 269 1625 309 cum
1670 252 2029 337 cohortibus⁴

163 358 304 398 111.
363 355 697 415 opugnat-e,
741 352 812 393 ac
864 336 928 391 vi
977 335 1303 407 irrumpere
1357 333 1717 389 conabatur:
1768 333 1920 407 quod
1972 350 2011 391 a

47 480 58 487 ,
155 421 556 479 defensoribus
599 430 837 494 propter
888 414 1184 491 egregiam
1224 414 1609 471 munitionem
1657 413 1910 489 oppidi,
1947 425 2011 471 et

161 514 584 560 tormentorum
613 496 1047 555 multitudinem
1071 536 1090 568 ‚
1132 494 1306 552 facile
1328 535 1347 567 ,
1374 505 1436 551 et
1466 496 1592 553 sine
1621 494 1879 569 periculo
1906 493 2012 551 de-

159 582 534 646 sentiebatur.¹
569 578 742 655 Quod
775 578 872 635 ubi
902 576 1020 651 ejus
1065 574 1261 632 facere
1298 575 1594 651 equitatus
1643 574 1848 649 saepius
1894 591 2012 633 non

145 660 598 731 ⁸intermittebat
622 700 643 731 ‚
682 671 742 715 et
772 675 902 715 cum
951 656 1107 714 forte
1139 669 1277 713 ante
1329 670 1561 730 portam
1603 667 1791 711 turma
1832 655 2010 713 densa

159 743 490 800 adstitisset
512 780 533 813 ,
581 743 643 786 49
685 738 1004 813 Scorpione
1051 738 1377 795 accuratius
1420 740 1597 795 misso
1618 775 1640 811 ‚
1678 747 1853 811 atque
1894 752 2011 793 eo·-

161 840 294 879 rum
349 822 663 879 decurione
713 822 1024 893 percusso,
1065 819 1126 861 ⁵0
1155 830 1217 873 et
1248 816 1324 873 ad
1353 814 1753 874 Decumanam
1794 814 2009 891 defixo,

161 902 378 979 reliqui
409 901 751 975 perterriti,
790 901 926 976 fuga
963 916 1026 956 se
1053 898 1114 954 in
1148 910 1341 954 castra
1378 898 1687 973 recipiunt.
1726 893 1861 971 Quo
1907 896 2009 954 fa-

153 996 258 1041 cto
287 996 494 1059 postea
538 994 671 1041 sunt
711 980 989 1039 deterriti
1021 978 1301 1055 oppidum
1331 990 1583 1037 tentare.

994 1089 1002 1114 i

187 1146 258 1205 48
283 1150 397 1194 Cum
411 1154 631 1203 φαεν-ιε
643 1142 900 1198 Saserna.)
916 1144 1052 1191 cum
1115 1141 1247 1192 Vide
1266 1155 1419 1205 supra
1438 1144 1476 1191 1.
1503 1154 1612 1199 vn.
1634 1154 1755 1205 cap.
1781 1151 1865 1191 11.
1885 1148 2010 1192 sect.

156 1208 554 1257 sexcohortibus
575 1209 720 1270 Lepti
759 1206 1048 1269 impositus.
1113 1218 1199 1269 25.
1223 1208 1288 1257 de
1315 1206 1415 1259 hac
1443 1206 1703 1256 machina.

157 1278 308 1331 supr.
336 1289 375 1320 c.
414 1287 465 1332 4.
504 1279 627 1319 sect.
676 1282 725 1329 9.
764 1276 884 1319 Tres
925 1283 1048 1331 ergo
1175 1282 1247 1333 ,ςο
1310 1278 1381 1320 Et
1402 1275 1463 1321 ad
1484 1278 1800 1319 Deo-umanum
1810 1270 2013 1325 defixo>

157 1334 371 1383 fuerunt
394 1334 530 1383 forte
544 1334 804 1394 abductae‚
822 1334 944 1397 quia
965 1333 1055 1387 hic
1118 1335 1343 1395 Quidam
1364 1337 1607 1384 asterisco
1625 1342 1836 1393 notant,
1863 1334 2011 1398 quasi

157 1406 366 1446 tantum
394 1406 498 1447 tres
521 1396 576 1447 in
603 1398 846 1459 praesidio
871 1398 1056 1449 dicun·
1117 1398 1333 1449 mutilus
1350 1399 1421 1448 sit
1436 1392 1737 1449 locusialiis
1759 1400 2012 1447 decumana

161 1470 249 1509 tur
270 1460 443 1509 fnisse.
1116 1472 1321 1512 scutum
1350 1463 1765 1530 amplissimum,
1801 1470 2013 1514 auctoru

191 1533 266 1586 49
297 1528 550 1587 scorpione
571 1530 846 1577 accuratius
865 1525 1055 1583 misso.)
1113 1528 1297 1577 Festo:
1326 1536 1382 1579 ut
1398 1526 1532 1577 nihil
1540 1527 1885 1577 desideretur.
1974 1548 1987 1593 '.

747 1630 1138 1729 *CAPUT
1211 1671 1388 1732 XII.

165 1774 376 1853 Scipio
395 1796 534 1837 suas
551 1778 750 1854 copias
763 1792 949 1855 prope
963 1777 1220 1837 Caesaris
1240 1788 1438 1836 castra
1452 1778 1643 1853 ponit.
1660 1774 1862 1836 Caesar
1880 1796 2012 1840 suos

165 1861 332 1915 intra
359 1862 709 1918 munitiones
738 1863 956 1935 recipit
980 1901 1000 1934 ‚
1029 1870 1092 1919 et
1122 1860 1375 1937 quaedam
1406 1862 1684 1918 mandata
1714 1858 1839 1917 dat.
1870 1856 2013 1917 Sci-

197 1940 306 2015 pio
323 1942 645 1997 concionem
667 1942 748 1997 ad
761 1960 894 1999 suos
913 1940 1090 1999 habet
1109 1941 1367 1999 Caesaris
1396 1941 1820 2016 desperatione.
1835 1939 1975 1999 Plu.

568 2038 667 2081 res
697 2040 730 2082 e
755 2020 1060 2099 Scipionis
1089 2023 1309 2080 castris
1328 2022 1608 2105 fugiunt.

247 2120 494 2258 Scipio
542 2184 783 2243 interim
830 2185 955 2243 fere
982 2184 1252 2261 quotidie
1294 2203 1408 2244 non
1438 2188 1611 2263 longe
1662 2202 1698 2243 a
1746 2185 1864 2243 suis
1904 2202 2015 2244 ca-
2056 2219 2135 2279 30

168 2266 310 2325 stris
359 2267 617 2340 passibus
678 2286 798 2327 ccc.
859 2266 1150 2323 instruere
1200 2268 1432 2337 aciem,
1490 2284 1558 2323 ac
1626 2266 1847 2341 maJore
1893 2268 2017 2325 diei
2104 2298 2109 2307 ·

169 2359 342 2421 parte
386 2360 764 2422 consumpta,
816 2362 1009 2409 rursus
1048 2362 1111 2403 se
1159 2346 1223 2409 in
1265 2358 1455 2404 eastra
1515 2348 1796 2420 recipere.
1847 2344 2055 2423 Quo-d..

165 2445 300 2485 cum
331 2427 532 2501 saepius
571 2424 740 2485 fieret
767 2467 788 2500 ‚
839 2444 1025 2503 neque
1067 2444 1138 2483 ex
1177 2425 1427 2485 Caesaris
1468 2428 1681 2483 castris
1718 2429 2021 2503 quisquam

165 2508 476 2583 prodiret3
527 2520 709 2582 neque
741 2508 975 2583 propius
1020 2506 1138 2583 ejus
1186 2510 1385 2582 copias
1436 2508 1754 2583 accedere,
1804 2511 2026 2585 despe-

165 2604 266 2647 cta
299 2588 584 2664 patientia
613 2587 860 2645 Caesaris
884 2628 903 2660 ,
931 2590 1333 2665 exercitusque
1382 2588 1501 2663 ejus
1523 2630 1541 2661 ‚
1574 2590 1859 2649 universis
1908 2608 2023 2649 co·-

163 2671 282 2743 piis
340 2670 636 2744 productis
660 2710 680 2741 ,
729 2670 1172 2745 elephantisque
1215 2670 1445 2728 turritis
1482 2688 1615 2727 xxx.
1658 2684 1793 2726 ante
1833 2675 2023 2731 aciem

165 2752 516 2822 inst‘ructiS,
564 2766 734 2825 quam
789 2751 1076 2807 latissime
1119 2749 1358 2825 potuit,
1420 2762 1692 2825 porrecta
1740 2753 2022 2827 equitum,

167 2834 542 2906 peditumque
623 2830 1002 2887 multitudine
1044 2871 1063 2903 ,
1132 2849 1247 2888 uno
1323 2843 1587 2905 tempore
1667 2847 2021 2909 progr-essm,

110 2935 113 2937 >
167 2912 322 2970 haud
377 2913 466 2968 ita
497 2914 670 2985 longe
711 2928 748 2965 a
801 2909 1050 2967 Caesaris
1102 2912 1313 2968 castris
1362 2910 1637 2967 constitit
1684 2910 1743 2965 in
1792 2928 2018 2989 campo.

167 2990 392 3067 Quibus
423 2992 592 3049 rebus
635 2991 886 3065 cognitis
909 3032 930 3063 ‚
979 2988 1172 3049 Caesar
1201 2992 1360 3067 jubet
1404 2991 1627 3051 milites
1642 3031 1661 3063 ,
1710 2992 1809 3066 qui
1855 3010 2022 3057 extra
2064 3022 2142 3087 3¹
2219 3008 2235 3019 *

169 3073 526 3131 munitiones
561 3086 960 3145 processerant
982 3113 1002 3149 ,
1032 3071 1579 3149 quiqui-,pabulandi
1606 3110 1627 3143 ,
1656 3085 1755 3128 aut
1786 3074 2023 3152 lignan-

170 3154 275 3223 di,
313 3168 416 3209 aut
462 3153 642 3211 etiam
686 3154 982 3213 muniendi
1014 3157 1208 3230 gratia
1239 3156 1453 3211 vallum
1486 3154 1821 3227 petierant,
1860 3174 2026 3229 quae-

167 3250 280 3308 que
311 3235 385 3290 ad
415 3236 678 3291 eamdem
709 3252 832 3315 rem
879 3252 1022 3309 opus
1067 3248 1235 3293 erant
1258 3275 1277 3308 ,
1319 3250 1517 3292 omnes
1546 3232 1703 3293 intra
1736 3238 2028 3295 munitio-

168 3306 650 3397 nes-minutatim
671 3356 693 3390 ‚
732 3316 1110 3393 modesteque
1147 3317 1279 3374 sine
1323 3316 1571 3374 tumultu
1594 3354 1617 3389 ,
1659 3328 1761 3374 aut
1806 3329 2037 3391 terrore
