2459 3834
787 126 792 133 .
843 92 1014 145 Lm.
1071 95 1146 145 A.
1205 92 1487 143 aurern.
1574 130 1581 142 .
1939 74 2094 177 483

245 174 483 233 aientes
497 172 724 229 milites
763 185 1116 246 exspectare.
1151 172 1355 247 Itaque
1385 173 1511 229 sine
1541 188 1705 230 mora
1732 172 1979 233 navibus
2010 182 2099 237 eis

251 254 324 313 in·
355 266 582 327 portum
623 256 916 327 recep-tis,
955 266 1024 311 et
1065 252 1330 309 advectis
1381 255 1634 311 militum
1657 294 1679 327 ,
1720 256 2094 332 equitumque
2180 274 2191 281 ·

255 338 444 409 copiis
473 375 491 407 ‚
527 352 716 391 rursus
759 336 831 389 ad
885 333 1162 407 oppidum
1220 334 1539 405 Ruspinam
1583 337 1737 391 redit
1778 348 1981 410 atque
2006 336 2099 396 ibi

255 418 468 476 castris
505 416 1038 489 constitutis25ipse
1067 430 1198 470 cum
1238 416 1577 471 cohortibus
1617 417 1915 491 expediti-s
1961 436 2095 476 xxx.

253 492 672 556 frumentatum
711 509 800 551 est
833 496 1140 567 profectus·
1172 495 1265 551 Ex
1292 512 1363 551 eo
1390 510 1479 555 est
1522 499 1819 570 cognitum
1850 494 2098 556 caesario

251 578 607 647 consilium3
649 577 812 631 illum
863 589 996 631 cum
1051 577 1235 632 classe
1292 577 1531 632 navibus
1586 578 1875 635 onerariis
1905 618 1926 651 ‚
1974 596 2099 653 qun

251 659 622 716 deerrassent
646 694 664 725 ,
693 656 1060 717 subsidisire
1094 661 1247 711 clam
1278 656 1537 716 hostibus
1576 659 1825 715 voluisse
1846 699 1864 729 ,
1898 676 1970 715 ne
1990 676 2098 717 ca-

250 755 322 795 su
347 738 744 811 imprudentes
781 752 894 791 suae
923 752 1096 791 naves
1137 736 1198 791 in
1229 738 1468 805 classem
1494 738 1961 795 adversariorum
1990 742 2097 797 in·-

251 819 558 873 eiderent:
607 832 790 888 ireque
847 834 976 873 eam
1026 833 1149 879 rem
1198 832 1297 875 eos
1345 818 1595 873 vol-uisse
1638 820 1830 889 scire,
1868 822 1966 894 qui
2020 822 2091 877 in

255 898 544 971 praesidiis
577 897 770 952 relicti
807 898 896 954 sui
925 897 1144 953 milites
1163 896 1406 953 fuissent
1426 917 1453 968 ς
1472 900 1549 953 ne'
1568 899 1657 953 illi
1695 912 1929 971 propter
1960 918 2092 958 suo·-

256 994 388 1035 rum
432 978 782 1051 paucitatem
811 1015 832 1049 ,
864 990 926 1032 et
967 978 1224 1035 hostium
1256 978 1685 1036 multitudinem
1706 1015 1727 1050 ,
1757 994 1913 1037 metu
1944 980 2091 1037 defi·

237 1051 479 1117 '‘cer-ent.
525 1058 767 1114 Interim
795 1074 924 1115 eum
969 1056 1088 1132 jam
1113 1053 1307 1115 Caesar
1334 1074 1666 1135 progressus
1703 1074 1857 1116 esset
1904 1076 1939 1116 a
1978 1078 2089 1115 cao-

258 1142 400 1197 stris
428 1140 668 1195 circiter
689 1138 872 1193 miliia
908 1155 1170 1213 passuum
1213 1156 1342 1195 111.
1378 1157 1477 1213 per
1498 1142 1885 1213 speculatores
1905 1178 1925 1213 ,
1944 1156 2006 1196 et
2031 1137 2091 1179 ¹⁶

257 1232 652 1295 antecessores
680 1220 906 1293 equites
948 1220 1249 1293 nuntiatur
1282 1218 1369 1291 ei,
1410 1223 1608 1293 copias
1642 1220 1895 1277 hostium
1940 1221 2096 1277 haud

257 1302 431 1375 longe
461 1316 498 1355 a
526 1316 588 1355 se
616 1300 790 1355 visas.
829 1300 912 1355 Et
943 1301 1138 1357 hercle
1177 1314 1307 1357 cum
1338 1303 1635 1359 conantio
1680 1298 1865 1375 pulvis
1884 1301 2099 1377 ingens

2136 1083 2211 1129 12

257 1380 518 1455 conspici
551 1392 774 1452 coeptus
816 1394 926 1435 est.
965 1380 1206 1437 Hac‘re
1256 1382 1533 1456 cognita,
1570 1379 1765 1438 Caesar
1819 1384 2095 1439 celeriter
2186 1424 2207 1435 -
2248 1436 2253 1443 ,

256 1460 418 1537 jubet
477 1461 797 1535 equitatum
847 1462 1181 1519 universum
1210 1499 1232 1534 ,
1288 1460 1444 1535 cujus
1502 1464 1733 1534 copiam
1776 1462 1983 1517 habuit
2034 1464 2102 1519 in

259 1541 584 1615 prasentia.
609 1558 722 1597 non
755 1556 1021 1615 magnam
1045 1581 1064 1614 ,
1104 1543 1482 1616 sagittarios,
1522 1560 1761 1617 quorum
1808 1557 2015 1615 parvus
2066 1554 2105 1599 e

257 1623 475 1679 castris
529 1622 754 1677 exierat
795 1638 1100 1697 numerus,
1132 1618 1389 1695 arcessi,
1426 1637 1601 1703 atque
1640 1623 1959 1681 ordinatim
2008 1622 2105 1679 si·-

263 1720 378 1778 gna
407 1719 468 1759 se
501 1702 721 1759 leniter
753 1705 1022 1777 consequi
1059 1719 1075 1761 ε
1132 1706 1257 1777 ipso
1307 1705 1687 1759 antecedente
1735 1720 1865 1760 cum
1910 1706 2109 1778 paucis

265 1784 528 1839 armatis.
557 1783 802 1857 Jamque
824 1822 844 1855 ,
868 1800 996 1839 cum
1029 1789 1226 1857 procul
1270 1785 1457 1841 hostis
1493 1785 1755 1859 conspici
1786 1796 2015 1858 posset,
2038 1782 2099 1861 ¹?

266 1864 486 1919 milites
527 1864 588 1918 in
630 1878 838 1936 campo
875 1864 1032 1938 jubet
1073 1865 1333 1941 galeati,
1372 1878 1433 1923 et
1474 1866 1549 1921 ad
1592 1882 1841 1944 pugnam
1878 1860 2104 1938 parari:

268 1958 510 2019 quorum
541 1944 776 2001 omnino
809 1962 1074 2001 numerus
1100 1946 1215 2027 i‘uit
1244 1962 1372 2001 xxx.
1402 1946 1733 2005 cohortium
1764 1963 1894 2003 cum
1924 1946 2107 2019 equi·-

267 2024 420 2080 tibus
465 2044 555 2080 cn.
603 2036 666 2080 et
704 2026 1046 2100 sagittariis.
1100 2022 1335 2083 Hostes
1364 2028 1611 2083 interim
1634 2066 1657 2099 ,
1696 2044 1937 2102 quorum
1982 2028 2099 2083 dux

264 2117 394 2162 erat
421 2104 708 2161 Labienus
728 2145 750 2179 ,
781 2119 842 2161 et
881 2107 992 2163 duo
1027 2106 1293 2178 Pacidii,
1338 2110 1524 2163 aciem
1554 2109 1817 2183 dirigunt
1844 2107 2102 2163 mirabili

263 2184 630 2260 longitudine
673 2200 786 2243 non
830 2188 1134 2261 peditum,
1183 2188 1283 2243 sed
1332 2190 1590 2262 equitum
1640 2187 2001 2259 confertam,
2041 2199 2105 2243 et

209 2258 214 2265 ’
266 2265 424 2322 inter
467 2282 564 2321 eos
614 2267 760 2323 levis
808 2281 1110 2324 armaturae
1147 2266 1464 2339 Numidas,
1512 2282 1572 2324 et
1624 2267 1959 2343 sagittarios
1995 2282 2103 2340 pe·-

163 2344 171 2363 '
245 2344 424 2401 ‘dites
475 2346 980 2419 interposuerant,
1037 2360 1096 2405 et
1139 2349 1226 2404 ita
1274 2348 1809 2420 condensans-ant,
1856 2359 1924 2403 ut
1956 2363 2110 2421 pro-

267 2428 362 2481 cul
411 2422 724 2481 Caesariani
777 2427 1068 2500 pedestres
1120 2428 1317 2503 copias
1356 2428 1822 2486 arbitrarentur:
1856 2440 1937 2499 et¹
1966 2428 2110 2483 dex·

266 2518 470 2577 trum,
509 2522 578 2561 ac
629 2508 931 2563 sinistrum
983 2524 1160 2565 cornu
1203 2511 1429 2583 magni's
1484 2510 1741 2584 equitum
1788 2509 1979 2583 copiis
2005 2506 2111 2563 fir-

271 2599 596 2644 maverant.
637 2586 879 2643 Interim
910 2585 1100 2645 Caesar
1153 2592 1341 2646 aciem
1384 2590 1593 2665 dirigit
1635 2589 1957 2663 simplicem
1989 2628 2009 2659 ,
2038 2600 2107 2646 ut

269 2678 504 2742 poterat
535 2706 556 2736 ,
617 2670 855 2741 propter
921 2671 1291 2743 paucitatem.
1352 2670 1703 2746 Sagittarius
1732 2681 1868 2725 ante
1919 2671 2111 2725 aciem

273 2748 626 2819 constituit3
675 2750 898 2821 equites
943 2750 1192 2823 dextro,
1234 2749 1583 2827 sinistroque
1623 2767 1800 2807 cornu
1844 2750 2117 2823 opponit3

273 2841 338 2889 et
368 2829 453 2883 ita
501 2830 763 2901 praeci-pit
792 2868 811 2899 ,
853 2842 932 2894 uu
969 2833 1342 2903 providerent
1369 2871 1389 2905 ,
1419 2848 1489 2887 ne
1518 2829 1892 2888 multitudine
1938 2829 2118 2903 equi-¹·

275 2919 436 2966 tatus
476 2908 731 2965 nostium
781 2911 1396 2970 circumvenirentur:
1448 2910 1823 2969 existimabat
1852 2910 2010 2965 enim
2052 2924 2121 2978 se„

314 3066 320 3071 ’
345 3068 414 3117 16
447 3078 792 3117 antecessores
820 3072 1049 3131 equites«)
1065 3070 1168 3131 Qui
1297 3080 1362 3132 17
1395 3074 1595 3121 Milites
1611 3075 1751 3134 jubet
1766 3070 1995 3130 galeari.)
2014 3072 2119 3118 Ga-

283 3144 468 3193 agmen
519 3135 857 3192 antecedunt,
896 3141 954 3182 ut
998 3138 1168 3184 locum
1232 3136 1328 3185 leis
1348 3137 1521 3195 indui,
1542 3143 1595 3185 et
1614 3134 1823 3185 armari.
1847 3136 1977 3181 Hinc
2002 3137 2121 3181 Mi·-

283 3195 539 3247 metandis
567 3197 746 3247 castris
783 3198 1012 3258 deligant
1038 3215 1054 3247 ⁴:
1081 3206 1171 3247 aut
1234 3216 1387 3249 nerva
1404 3206 1606 3260 galeata
1628 3201 1817 3249 dicitur
1840 3198 1947 3247 Cic.
1969 3199 2036 3247 N.
2056 3198 2119 3247 D.

287 3256 353 3303 de
375 3257 472 3313 via,
492 3272 591 3321 qua
622 3262 874 3310 exercitus
903 3262 1172 3322 ducantur,
1236 3278 1278 3315 ι.
1304 3276 1419 3327 cap-
1446 3266 1533 3326 36.

287 3320 1172 3401 despicianurummav.mv.16.
1516 3390 1619 3454 Hb
