2459 3834
821 63 870 116 ι
893 66 922 115 1
945 65 998 116 B
1023 65 1068 118 n
1095 64 1154 116 ιι
1241 66 1273 115 1
1298 67 1325 115 1
1354 67 1406 118 ι.
1920 49 2033 146 ὅς
2086 131 2095 138 ,

182 146 350 206 tibus
373 149 790 218 collocareffiaeet
819 145 944 218 ipse
975 163 1104 202 cum
1126 144 1363 219 reliquis
1385 145 1503 220 ejus
1541 145 1787 222 legionis
1814 151 2036 210 cohor·

181 232 354 288 tibus
411 229 472 283 in
517 227 649 282 vico
686 223 1130 300 >·-Verag=·o.t·u111,
1179 225 1278 300 qui
1318 230 1641 300 appellatur
1681 225 2033 306 OctoduruS,

185 311 492 367 hiemare:
525 309 624 382 qui
657 306 820 362 vicus
851 306 1070 378 positus
1103 307 1162 361 in
1205 309 1355 361 valle
1377 345 1395 380 ,
1424 324 1535 363 non
1569 325 1775 383 magna
1808 312 2036 386 adjecta

188 389 441 464 planitie
465 428 486 460 ,
515 386 818 442 altissimis
872 386 1161 442 montibus
1194 386 1443 458 undique
1484 385 1833 446 continetur.
1886 391 2037 449 Cum

189 470 296 526 hic
337 469 400 524 in
427 469 570 522 duas
609 479 800 538 partes
841 463 1076 526 flumine
1105 465 1464 521 divideretur
1486 504 1506 537 ,
1534 469 1779 524 alteram
1810 484 2051 543 partem·

189 548 315 624 ejus
344 549 466 602 vici
499 543 687 601 Gallis
719 545 791 600 ad
843 545 1206 601 hiemandum
1256 547 1537 602 concessit
1561 585 1579 617 ,
1608 550 1851 604 alteram
1873 590 1891 622 ,
1924 568 2043 605 va·-

190 644 368 685 euam
387 628 460 682 ab
491 627 608 681 illis
639 625 904 680 relictam
929 664 949 696 ‚
975 625 1315 682 cohortibus
1344 625 1635 682 attribuit.
1665 627 1816 685 Eum
1844 633 2037 688 locum

193 709 360 767 vallo
379 745 402 782 ‚
427 706 688 780 fossaque
719 705 987 762 munivit.

861 858 1215 924 CA-PUT
1288 860 1384 925 11.

205 1025 509 1090 Gallorum
528 1025 806 1084 discessio
838 1038 915 1083 ex
936 1025 1084 1083 vico·
1117 1021 1489 1100 Occupantur
1516 1037 1736 1086 montes
1765 1043 1801 1088 a
1829 1025 2043 1089 multi-

267 1111 475 1168 tudine
501 1105 858 1167 Sedunorum
880 1145 900 1178 ,
936 1115 998 1162 et
1027 1106 1461 1184 Veragrorum,
1491 1119 1556 1164 ut
1579 1105 1746 1166 Galli
1774 1113 1983 1187 oppri-

551 1187 788 1272 Ιθηεοιιιίιε·
819 1181 1074 1266 legionis
1094 1183 1397 1243 consilium
1425 1189 1685 1263 capiant.

295 1277 501 1408 Cum
522 1345 648 1406 dies
672 1345 1039 1404 hibernorum
1060 1343 1381 1418 complures
1402 1346 1773 1419 transissent,
1794 1345 2045 1408 frumen·
2084 1373 2123 1420 ς

217 1440 453 1502 tumque
483 1446 552 1485 eo
580 1425 934 1500 comportari
962 1425 1215 1500 jussisset
1240 1446 1261 1498 e,
1293 1426 1480 1483 subito
1515 1444 1614 1500 per
1656 1432 2048 1500 exploratores

221 1509 438 1566 certior
468 1507 652 1564 factus
689 1521 779 1563 est
800 1502 921 1579 ,ἐπι
950 1523 1020 1562 ea
1071 1520 1232 1579 parte
1275 1505 1431 1579 vici,
1472 1515 1641 1582 qua‘m
1685 1505 1875 1565 Gallis
1910 1525 2051 1568 cou-

221 1601 476 1646 cesserat
497 1627 518 1658 ,
560 1603 754 1644 omnes
789 1599 962 1643 noctu
1001 1585 1330 1642 discessisse
1352 1621 1372 1658 ,
1404 1599 1773 1662 montesque,
1794 1590 1893 1664 qui
1924 1590 2055 1644 im·-

221 1669 570 1744 penderent,
598 1684 631 1723 a
660 1668 910 1722 maxima
939 1666 1307 1722 multitudine
1336 1665 1687 1724 Sedunorum
1712 1707 1730 1738 ,
1760 1677 1821 1724 et
1852 1667 2053 1725 Vera·-

223 1765 460 1823 grorum
495 1747 699 1804 teneri.
754 1745 818 1812 Id
841 1747 1060 1820 aliquo-t
1081 1745 1154 1802 de
1181 1743 1367 1802 causis
1396 1747 1721 1817 acciderat,
1750 1762 1813 1803 ut
1861 1748 2055 1807 subito

218 1823 386 1885 Galli
415 1828 552 1884 belli
585 1827 901 1882 renovandi
924 1864 943 1897 ,
961 1825 1319 1900 legionisque
1338 1827 1725 1900 ‚opprimendae
1748 1829 2054 1887 consilium

223 1906 516 1981 caperent.
546 1903 806 1964 Primum
828 1945 847 1974 ,
875 1905 1026 1979 quod
1059 1898 1379 1980 legionem,
1408 1921 1586 1980 neque
1618 1923 1745 1964 eam
1780 1909 2055 1980 plenissi-

223 2003 380 2044 mam
399 2023 420 2060 ,
449 1987 726 2044 detractis
757 1979 1090 2043 cohortibus
1110 1985 1355 2058 duabus,
1375 1999 1436 2041 et
1466 1987 1852 2060 compluribus
1888 1989 2057 2064 sigil-

223 2064 394 2126 la‘tim
417 2105 438 2140 ,
467 2068 562 2142 qui
586 2063 935 2124 commeatus
976 2065 1208 2139 petendi
1239 2079 1409 2120 causa
1430 2063 1601 2124 mi'ssi'
1618 2063 1784 2122 erant
1810 2105 1829 2138 ,
1852 2069 2059 2124 absen-
2122 2099 2129 2106 ·

226 2149 385 2204 tibus
415 2161 650 2220 propter
684 2147 1032 2218 paucitatem
1061 2145 1485 2218 despiciebant3
1507 2158 1627 2200 tum
1656 2147 1832 2202 etiam
1854 2184 1875 2220 ,
1904 2147 2061 2222 quod.

222 2241 466 2301 propter
497 2227 866 2301 iniquitatem
895 2223 1034 2295 loci,
1061 2239 1190 2280 cum
1215 2223 1331 2298 ipsi
1354 2242 1425 2282 ex
1449 2226 1737 2286 montibus
1757 2227 1817 2282 in
1850 2235 2059 2284 vallem

222 2307 598 2364 decurrerent
630 2342 650 2379 ,
698 2319 759 2362 et
811 2307 930 2360 tela
961 2301 1311 2378 conjicerent
1343 2344 1363 2376 ‚
1411 2321 1483 2360 ne
1533 2307 1781 2378 primum
1828 2308 2061 2381 quidem

224 2401 393 2463 posse
429 2386 706 2460 impetum
735 2401 911 2445 suum.
938 2385 1209 2442 sustineri
1249 2383 1676 2441 existimabant.
1708 2385 2081 2458 Accedebat‚1

223 2467 378 2542 quod
409 2484 537 2536 suos
559 2453 630 2522 ab
651 2481 713 2522 se
735 2466 956 2521 liberos
989 2465 1311 2521 abstractos
1338 2463 1601 2523 obsidum
1631 2469 1859 2522 nomine
1888 2467 2065 2523 dole-

225 2543 402 2616 hante,
423 2559 483 2600 et
509 2543 798 2606 Romanos
822 2585 841 2617 ,
864 2561 976 2601 non
1003 2544 1184 2623 solum
1215 2545 1491 2600 itinerum
1520 2561 1724 2617 causa,
1743 2547 1843 2602 sed
1874 2547 2063 2602 etiam
2088 2549 2091 2552 ’

227 2638 519 2700 perpetuae
550 2625 950 2698 possessionis,
978 2625 1226 2681 culmina
1256 2623 1493 2698 Alpium
1523 2640 1804 2698 occupare
1833 2627 2061 2696 conari,

226 2717 290 2764 et
326 2721 394 2760 ea
427 2708 552 2767 loca
579 2703 844 2764 finitimae
876 2705 1187 2780 provinciae
1223 2704 1527 2780 adjungere
1545 2743 1566 2778 ‚
1594 2705 1707 2764 sibi
1736 2719 2067 2780 persuasum

227 2783 545 2845 habebant.

871 2856 926 2923 C
945 2861 1002 2923 A
1020 2861 1068 2920 P
1088 2863 1144 2922 U
1166 2859 1222 2922 T
1296 2859 1426 2926 111.

229 3011 429 3086 Galb'a
441 3065 462 3099 ‚
489 3039 616 3084 cum
641 3022 976 3086 necessaria
1005 3021 1208 3084 deesse
1237 3019 1475 3101 videret
1490 3061 1511 3098 ,
1530 3022 1833 3096 concilium
1858 3033 2069 3086 convo·

395 3118 528 3180 cat,
555 3109 622 3164 in
650 3123 756 3186 quo
781 3106 1110 3182 statuitur,
1135 3116 1337 3164 castra
1364 3102 1731 3181 defendenda
1758 3122 1909 3170 esse.
1946 3107 1951 3114 '

317 3201 498 3328 His
525 3232 746 3332 nuntiis
769 3263 1065 3356 acceptis,
1089 3261 1477 3403 Galbaficum
1505 3281 1687 3341 neque
1706 3281 1847 3346 opus
1875 3263 2071 3334 hiber·
2110 3289 2153 3350 3
