2459 3834
1706 14 1709 16 v
1726 12 1811 19 --v—-a
1876 14 1947 29 1,-
1958 12 2073 19 -—-.--
2084 14 2093 17 -
2122 12 2357 22 --uv—--vp—
2366 14 2373 16 -
2384 12 2436 63 --Ἶ

407 78 559 183 306
986 99 1086 154 na
1140 92 1382 153 natm
1436 98 1678 153 cunm
1729 104 1734 118 ·
1897 149 1906 161 ,
2113 171 2118 173 .
2201 154 2214 161 ,

403 203 499 241 res
538 182 611 239 ab
659 182 921 258 equitatu
950 180 1132 252 premi
1169 184 1408 238 nostro}
1446 196 1559 255 qua
1593 198 1661 235 re
1699 178 1934 256 cognita
1959 217 1981 252 ‚
2007 174 2246 237 crebra!

406 267 691 321 stationes
728 264 1039 336 disponunt
1090 261 1390 335 equitum,
1441 273 1502 316 et
1557 260 1618 295 ¹0
1647 262 1973 317 cohortium
2012 260 2244 315 alaris-‘-

407 360 581 415 rum3
639 342 1094 417 legionariasque
1138 342 1500 415 interJiciu‘nt
1544 341 1815 397 cohortes
1845 379 1868 413 ‚
1917 342 2248 413 vallumque

407 440 479 479 ex
530 424 735 479 castris
785 422 859 477 ad
908 436 1112 495 aquam
1156 420 1364 477 ducere
1395 420 1727 492 incipiunt;
1777 433 1839 475 ut
1892 420 2046 475 intra
2095 435 2250 475 mu-

404 504 690 561 nitionem
719 514 779 557 et
810 502 934 557 sine
964 500 1217 571 timores
1245 513 1306 557 et
1336 496 1461 556 sine
1487 500 1836 557 stationibus
1863 498 2061 573 aquari
2099 514 2249 569 pos·-

404 593 550 638 s'ent.
599 581 664 637 Id
709 598 849 657 opus
888 580 1043 636 inter
1086 597 1147 635 se
1188 578 1496 655 Pet-rejus',
1543 594 1716 655 atque
1768 578 2041 637 Afranius
2095 594 2246 651 par-

412 662 670 717 tiuntur:
702 660 925 737 ipsique
947 698 969 733 ‚
993 658 1330 734 perficiendi
1357 659 1550 735 operis
1581 676 1748 717 causa
1771 700 1790 733 ‚
1841 660 2064 735 longius
2097 675 2251 731 pro-

288 761 373 824 74
410 741 761 815 grediuntur.
796 738 1087 814 'Quorum
1126 740 1377 797 discessu
1403 740 1647 795 liberam
1672 740 1826 797 nacti
1859 741 2078 795 milites
2106 741 2247 817 col·

404 822 732 895 ioquiorum'
774 818 1150 893 facultatem,
1175 822 1345 893 vulgo
1388 820 1741 893 procedunt:
1783 830 1843 875 et
1885 835 2052 895 quem
2086 816 2248 891 quis·

402 916 516 975 que
545 902 605 957 in
627 900 835 957 castris
865 912 1061 957 notum
1084 938 1105 972 ,
1133 912 1235 955 aut
1263 900 1608 973 municipem
1654 899 1941 971 habebat,
1987 900 2247 973 conqui-

330 986 333 993 '
404 980 489 1035 rit
512 1020 531 1053 ‚
560 994 734 1057 atque
763 993 952 1037 vocatr
986 977 1243 1035 Primum
1271 982 1504 1054 “agunt
1547 980 1764 1055 gratias
1803 994 2002 1035 omnes
2038 979 2246 1034 omni-

403 1058 551 1132 bus,
589 1061 737 1135 quod
782 1060 890 1115 sibi
926 1058 1256 1133 perterritis
1315 1060 1501 1133 pridie
1555 1062 1989 1133 pepercissentz
2040 1074 2246 1119 eorum

404 1152 467 1196 se
517 1138 805 1197 beneficio
832 1141 1029 1194 vivere
1050 1154 1090 1199 ε,
1122 1136 1331 1195 deinde
1361 1140 1732 1211 imperatoris
1763 1138 1934 1195 fidem
1965 1150 2248 1213 quarunt,

404 1234 641 1275 rectene
661 1236 722 1277 se
763 1218 852 1275 illi
883 1217 1001 1274 sint
1025 1218 1428 1291 commissuri3
1459 1232 1521 1275 et
1540 1259 1561 1292 ,
1591 1218 1741 1295 quod
1795 1236 1906 1275 non
1953 1220 2026 1274 ab
2068 1219 2246 1275 initio

404 1297 653 1356 fecerint
675 1340 694 1371 ,
725 1314 993 1373 armaque
1034 1314 1163 1355 cum
1210 1298 1536 1356 hominibus
1587 1300 1922 1357 necessariis
1941 1337 1962 1371 ,
1989 1310 2052 1353 et
2073 1300 2246 1353 ‘con-

404 1382 735 1455 sanguineis
758 1379 1110 1434 contulerint
1133 1419 1154 1452 ,
1176 1392 1615 1453 conqueruntur.
1649 1378 1775 1437 His
1799 1378 2106 1453 provocati
2131 1394 2242 1435 ser·

400 1460 662 1515 m'onibus
682 1499 701 1531 ,
733 1456 904 1514 fidem
936 1458 1007 1515 ab
1040 1460 1398 1533 imperatore
1427 1460 1500 1514 de
1527 1453 1738 1533 Petreji
1767 1498 1785 1530 ‚
1806 1472 1866 1515 et
1895 1456 2126 1515 'Afranii
2153 1457 2245 1512 vi-

402 1550 468 1593 ta
502 1552 745 1612 petunt3
778 1554 847 1593 ne
886 1538 1037 1612 quod
1085 1539 1147 1594 in
1187 1554 1249 1594 se
1295 1541 1478 1595 scelus
1530 1538 1860 1612 concepisse
1888 1577 1908 1609 ,
1948 1554 2056 1593 neu
2107 1552 2248 1593 suos

402 1620 729 1691 prodidisse
759 1618 1081 1673 videantur.
1126 1616 1348 1692 Quibus
1379 1616 1734 1675 confirmatis
1775 1620 1968 1689 rebus,
2004 1634 2066 1672 se
2105 1630 2246 1672 sta-

400 1698 517 1754 tim
554 1698 717 1771 signa
748 1700 1123 1753 translaturos
1161 1691 1546 1771 confirmant3
1599 1701 1924 1773 legatosque
1979 1698 2052 1750 de
2092 1712 2242 1769 pace

400 1778 723 1848 primorum
766 1778 1031 1835 ordinum
1076 1778 1440 1833 centuriones
1489 1780 1561 1833 ad
1593 1776 1876 1833 Caesarern
1908 1776 2164 1833 mittunt.
2192 1814 2240 1848 „

399 1854 647 1913 Interim
676 1858 781 1913 alii
810 1874 941 1913 suos
970 1858 1027 1917 in
1060 1871 1248 1913 castra
1270 1895 1290 1927 ,
1331 1858 1614 1922 invitandi
1647 1870 1815 1912 causa
1849 1898 1868 1929 ,
1918 1856 2236 1927 adducunt3

399 1938 505 1993 alii
556 1938 627 1991 ab
657 1938 772 1992 suis
812 1938 1216 2007 adducuntur-3
1261 1936 1406 1995 adeo
1453 1952 1514 1994 ut
1545 1952 1652 1992 una
1683 1950 1873 1993 castra
1923 1937 2036 2011 jam
2083 1934 2244 1994 facta

400 2028 475 2069 ex
506 2014 656 2071 binis
686 2016 1059 2073 viderentur:
1091 2020 1520 2091 compluresque
1563 2017 1780 2073 tribuni
1832 2016 2082 2077 militum
2108 2056 2128 2087 ,
2181 2029 2257 2093 et⁴

399 2096 771 2151 centuriones
817 2096 889 2151 ad
931 2092 1221 2153 Caesarem*
1255 2098 1494 2155 veniunt
1528 2136 1546 2167 ,
1592 2112 1764 2171 seque
1813 2096 1872 2153 ei
1935 2112 2245 2153 commen-

399 2173 563 2232 dant.
623 2174 751 2232 Hoc‘
788 2176 940 2231 idem
990 2174 1055 2231 fit
1106 2192 1141 2231 a
1184 2176 1544 2248 principibus
1579 2177 1908 2249 Hispaniae,
1955 2192 2096 2249 quos
2139 2175 2238 2231 illi

402 2269 828 2327 evocaverant,
860 2270 919 2311 et
955 2272 1143 2311 secum
1181 2255 1241 2312 in
1273 2258 1480 2313 castris
1516 2256 1801 2312 habebant
1848 2257 2108 2311 obsidum
2145 2253 2252 2309 lo'-

404 2350 494 2391 co.
528 2334 576 2389 Ii
606 2352 737 2391 suos
760 2350 925 2391 notos
941 2376 959 2403 ‚
990 2336 1356 2409 hospitesque
1381 2334 1706 2410 quaerebant
1731 2376 1750 2405 ,
1775 2352 1872 2407 per
1901 2350 2070 2411 quem
2093 2336 2250 2409 quis.

402 2428 516 2487 que
556 2431 753 2470 eorum
798 2416 1017 2470 aditum
1078 2417 1596 2472 commendationis
1649 2418 1886 2471 haberet
1935 2416 2007 2469 ad
2039 2411 2252 2470 Caesa-⁶

404 2506 549 2550 rem.
606 2494 833 2550 Afranii
885 2496 1063 2550 etiam
1095 2494 1246 2551 lilius
1285 2498 1614 2552 adulescens
1643 2496 1713 2551 de
1760 2510 1857 2552 sua
1880 2534 1900 2563 ,
1949 2506 2006 2549 et
2041 2496 2252 2566 paren-

402 2571 485 2632 tis
514 2572 601 2629 sui
644 2578 827 2629 salute
880 2590 1007 2630 cum
1038 2570 1264 2631 Cesare
1305 2592 1406 2648 per
1447 2574 1758 2646 Sulpicium
1800 2576 2050 2647 legatum
2093 2590 2250 2653 age-

402 2650 524 2709 bat.
572 2652 755 2709 Erant
790 2655 953 2725 plena
984 2655 1185 2711 letitia
1213 2694 1231 2723 ,
1278 2670 1340 2710 et
1391 2654 1778 2729 gratulatione
1827 2654 2021 2710 omnia
2052 2692 2071 2723 ,
2131 2670 2250 2710 eo·-

392 2748 575 2804 rum,
602 2733 701 2806 qui
761 2745 926 2789 tanta
972 2734 1220 2806 pericula
1265 2736 1476 2791 vitasse
1505 2774 1526 2807 ,
1577 2746 1637 2791 et
1689 2750 1882 2794 eorum
1906 2773 1926 2804 ,
1977 2732 2075 2807 qui
2119 2736 2246 2791 sine

404 2817 647 2868 vulnere
678 2826 869 2868 tantas
918 2828 1009 2869 res
1056 2812 1370 2870 confecisse
1417 2813 1811 2884 videbantur-3
1861 2828 2248 2887 magnumque

406 2890 656 2947 fructum
688 2908 798 2947 suae
844 2890 1095 2966 pristinae
1120 2893 1377 2949 lenitatis
1402 2896 1660 2949 omnium
1699 2893 1912 2968 judicio
1943 2890 2136 2949 Caesar
2165 2894 2259 2949 se-

408 2974 614 3045 rebat-5,
642 2973 1055 3049 consiliumque
1083 2972 1203 3048 ejus
1230 2990 1266 3029 a
1299 2974 1524 3029 cunctis
1565 2974 1932 3048 probabatur.

406 3168 411 3175 ‚
478 3124 545 3163 ro
585 3119 851 3165 cohortium
872 3113 1183 3170 alariarum.)
1202 3119 1299 3165 Au·
1363 3130 1482 3165 nem
1499 3152 1516 3175 ‚
1559 3130 1646 3167 seu
1671 3115 1976 3175 legionarias
2001 3113 2258 3177 cobortes,

407 3176 669 3237 xiliarum,
694 3176 1055 3248 distinctarum
1076 3192 1104 3227 a
1136 3180 1298 3239 legio·
1364 3190 1607 3241 tanquam
1637 3183 1752 3239 alre,
1783 3188 2027 3241 tegerent.
2052 3184 2108 3231 In
2136 3180 2260 3229 aliis

406 3240 590 3306 uariis,
620 3242 779 3289 etiarn
814 3242 947 3289 infra
975 3252 1023 3290 c.
1050 3242 1132 3301 36.
1172 3250 1294 3291 sect.
1362 3257 1487 3291 vero
1549 3244 1826 3291 auxiliares
1875 3252 1983 3289 tam
2037 3243 2256 3303 equite&

410 3304 495 3361 83.
540 3308 729 3355 atari-e
754 3305 910 3355 dictae
930 3340 946 3365 ,
976 3305 1098 3367 quia
1128 3307 1296 3369 legio·
1357 3318 1516 3369 quam
1542 3307 1778 3357 cohortes
1807 3304 2122 3353 militabant.
