2459 3834
1346 22 1367 61 1

486 144 494 151 -
561 115 663 191 54
945 114 1045 167 ΒΕ
1097 112 1363 167 nunno·
1395 114 1878 179 ammana

482 230 492 258 .·
548 195 950 271 ompojo-sum
998 194 1304 267 desertus,
1349 200 1578 271 qualem
1616 212 1732 263 me,
1761 198 1854 265 iffi
1899 197 2142 273 psaestiti
2168 239 2192 273 ,
2221 202 2340 259 tali

492 277 847 348 ‚virtuteset
894 275 1229 334 constantia
1273 274 1532 334 futurum
1576 294 1672 339 me
1710 280 1772 335 in
1825 291 1886 345 te
1925 296 2048 336 esse
2091 296 2341 354 praesta-

495 356 641 415 bo.“
698 356 923 415 Eodem
964 368 1229 430 tempore
1278 356 1698 433 oppidanorum
1745 358 1926 434 legati
1945 398 1970 433 ,
2009 361 2112 436 qni
2169 376 2350 419 antea

494 438 763 495 exierant
782 476 805 510 ,
845 434 1131 494 Caesarem
1155 434 1433 499 adierunt
1453 478 1474 511 ,
1501 439 1558 497 si
1583 436 1696 495 sibi
1738 439 1924 505 vitam
1969 441 2349 511 eoncederet.

496 534 627 575 nese
654 517 983 592 insequenti
1010 517 1111 573 die
1130 514 1413 593 oppidum
1449 536 1578 584 esse
1611 518 1938 577 dedituros.
1977 517 2210 595 Quibus
2239 539 2350 579 re-

502 598 783 671 spondit,
822 613 931 669 „se
978 592 1268 656 Caesarem
1305 592 1487 674 esse,
1527 596 1812 674 fidemque
1862 602 2352 673 prestaturumss

504 676 599 733 Ita
626 690 763 737 ante
789 678 947 735 diem
976 694 1058 735 xx.
1088 664 1214 735 1131.
1246 676 1463 737 Martii
1507 670 1725 755 oppido
1755 680 1980 753 potitus
2017 669 2348 753 imperator

384 768 467 815 eo
506 769 597 815 est
645 760 945 833 apellatus.
1000 757 1083 815 Et
1140 757 1446 835 Pompeius
1483 777 1558 817 ex
1597 756 1854 836 perfugis
1897 774 2029 816 eum
2070 760 2348 820 deditio-

496 854 635 897 nem
664 838 871 915 oppidi
900 838 1118 897 factam
1156 856 1286 898 esse
1325 842 1574 921 scisset,
1611 852 1808 898 castra
1849 842 2039 897 movit
2085 840 2346 899 Ucubim

480 932 723 979 versuo.
764 920 867 977 sed
896 921 1115 981 circum
1142 936 1214 977 ea
1251 922 1383 978 loca
1429 921 1671 981 castella
1711 918 1994 996 disposuit
2014 960 2038 995 ,
2084 934 2153 978 et
2205 938 2346 979 mn·-

494 998 821 1061 tuitionibus
845 1016 909 1059 se
959 999 1267 1059 continere
1313 1000 1515 1077 eoepit.
1564 999 1758 1059 Caesar
1803 1002 2034 1075 movit,
2078 1012 2146 1057 et
2197 1019 2347 1078 pro-

496 1081 630 1156 pius,
666 1095 861 1146 eastra
907 1081 1117 1139 castris
1160 1082 1435 1139 eontulit.
1463 1082 1692 1141 Eodem
1721 1094 1985 1157 tempore
2035 1098 2216 1140 mane
2247 1085 2346 1140 lo-

496 1162 718 1223 rium
745 1177 889 1221 unus
914 1178 987 1217 ex
1014 1161 1250 1235 legione
1276 1164 1584 1220 vernacula
1630 1162 1704 1227 ad
1741 1180 1848 1221 nos
1885 1162 2214 1238 transfugit
2237 1202 2261 1236 ,
2289 1175 2348 1219 et

495 1240 835 1300 nuntiavit:
877 1236 1215 1317 Pompeium
1263 1244 1586 1317 oppidanos
1632 1240 1970 1311 Ucubenses
1999 1260 2350 1301 'convocas-

479 1336 563 1379 -ae
581 1359 603 1394 ,
628 1319 817 1398 iisqne
856 1322 1238 1395 imperavisse
1257 1360 1279 1394 ,
1318 1336 1383 1381 ut
1409 1321 1720 1399 diligentia
1748 1323 2020 1385 adhibita
2041 1363 2062 1397 ‚
2089 1326 2344 1401 perqui-

498 1414 699 1461 rerent
719 1441 741 1475 ,
784 1404 885 1479 qui
932 1414 1127 1473 essent
1154 1418 1384 1461 suarum
1427 1405 1678 1479 partium
1698 1444 1719 1477 ‚
1761 1404 2016 1481 itemque
2053 1404 2344 1462 adversa·-

502 1482 729 1539 riorum
775 1483 1037 1541 victoriae
1085 1483 1360 1547 fautores.
1403 1482 1534 1543 Hoc
1585 1484 1880 1558 praeterito
1931 1498 2202 1558 tempore
2224 1524 2246 1559 ,
2285 1485 2340 1541 in

503 1562 766 1639 oppidO,
804 1563 957 1641 quod
1004 1562 1118 1621 fuit
1160 1578 1398 1638 captum
1421 1602 1442 1639 ‚
1478 1582 1676 1623 servus
1711 1578 1805 1622 est
1839 1564 2246 1637 deprehensus
2283 1563 2340 1621 in

504 1646 772 1705 cuniculo
802 1683 824 1718 ,
882 1660 1052 1721 quem
1102 1660 1280 1719 supra
1325 1645 1850 1705 demonstravimus
1907 1645 2212 1704 dominum
2249 1644 2344 1718 ju-

504 1726 753 1797 gulasse.
812 1726 872 1783 Is
928 1726 1097 1782 vivus
1142 1740 1236 1783 est
1289 1727 1637 1785 combustus·
1694 1725 2030 1800 Eodemque
2079 1738 2342 1798 tempore

506 1804 875 1879 centuriones
946 1807 1183 1864 loricati
1245 1824 1378 1865 vm.
1438 1806 1513 1864 ad
1569 1805 1859 1865 Caesarem
1918 1805 2346 1883 transfugerunt

502 1904 579 1947 ex
607 1890 834 1963 legione
873 1889 1183 1943 vernacula
1204 1927 1225 1959 ,
1275 1901 1336 1943 et
1387 1889 1613 1963 equites
1657 1888 1844 1945 nostri
1887 1902 2022 1945 eum
2059 1885 2342 1943 adversa-

498 1971 727 2027 riorum
756 1966 1049 2042 equitibus
1076 1968 1371 2041 congressi
1406 1981 1580 2041 sunt,
1620 1981 1683 2025 et
1733 1966 1920 2025 saucii
1946 1967 2198 2041 ‘aliquot
2237 1982 2345 2023 oc·-

486 2049 769 2106 -eiderunt
800 2064 872 2103 ex
911 2047 1029 2103 levi
1073 2058 1393 2104 armatura.
1423 2048 1514 2105 Ea
1544 2060 1715 2106 nocte
1762 2050 2158 2121 speculatores
2205 2063 2341 2121 pre-

503 2130 671 2189 hensi
702 2126 857 2187 servi
894 2144 961 2183 ιι
977 2144 1027 2183 1.
1050 2139 1113 2184 et
1137 2142 1279 2185 unus
1308 2146 1380 2185 ex
1401 2130 1632 2205 legione
1653 2130 1982 2189 vernacula.
2009 2124 2184 2183 Servi
2214 2137 2342 2183 sunt

386 2216 462 2259 Μ
485 2212 578 2287 ·ἰειΙ
612 2226 843 2270 crucem
862 2207 1118 2280 sublati,
1167 2207 1454 2268 militibus
1482 2208 1740 2267 cervices
1779 2206 2063 2269 abacistae.
2103 2205 2347 2263 Postero

503 2294 601 2351 die
638 2292 867 2367 equites
892 2303 1023 2347 cum
1052 2286 1171 2345 levi
1200 2301 1498 2349 armatura
1539 2306 1612 2347 ex
1639 2288 2112 2349 adversariorum
2138 2286 2346 2345 castris

502 2374 580 2431 ad
616 2388 719 2430 nos
758 2370 1208 2445 transfugerunt.
1251 2370 1332 2425 Et
1359 2386 1431 2427 eo
1462 2384 1725 2443 tempore
1761 2367 2000 2426 circiter
2037 2384 2121 2425 xx.
2161 2366 2340 2442 equi-

505 2467 597 2510 tes
624 2454 699 2511 ad
722 2463 1028 2527 aquatores
1069 2463 1298 2507 nostros
1337 2461 1756 2521 excurrerunt,
1800 2450 2102 2509 nonnullos
2139 2446 2337 2504 inter·-

503 2534 773 2591 fecerunt
794 2568 815 2604 ,
854 2532 1000 2587 item
1039 2530 1189 2595 alios
1238 2530 1408 2589 vivos
1461 2530 1842 2587 abduxerunt.
1896 2526 1989 2587 Ex
2050 2526 2339 2603 equitibus

506 2610 672 2689 eapti
696 2624 831 2671 sunt
860 2609 1083 2684 equites
1124 2624 1260 2667 vm.
1303 2609 1638 2686 Insequenti
1679 2610 1778 2666 die
1817 2607 2122 2683 Pompeius
2168 2624 2338 2665 secu-

508 2696 565 2751 ri
598 2690 882 2767 percussit
910 2688 1175 2749 homines
1206 2708 1410 2751 ,unv-
1434 2731 1455 2763 ,
1493 2691 1589 2766 qui
1622 2689 1966 2747 dicebantur
1995 2705 2119 2745 esse
2147 2686 2341 2745 fauto-

508 2790 603 2830 res
635 2770 883 2831 Caesaris
931 2770 1211 2829 victoriae.
1257 2772 1536 2845 Reliquos
1589 2770 1650 2827 in
1695 2770 1972 2842 oppidum
2017 2767 2189 2844 jussit
2233 2766 2345 2823 de-

510 2854 686 2926 duci,
727 2872 800 2912 ex
827 2850 1029 2930 quibus
1056 2850 1382 2929 effugerunt
1411 2867 1538 2909 cxx.
1558 2889 1581 2927 ,
1606 2862 1668 2909 et
1707 2851 1783 2909 ad
1823 2846 2112 2909 Caesarem
2163 2862 2344 2909 vene-

518 2946 677 2993 runt.
740 2968 752 2981 ·
