2459 3834
391 61 538 159 184
895 86 996 139 m:
1059 86 1306 141 netto
1360 84 1693 141 cunco

377 168 674 237 superiore
707 183 1092 243 cognoscere,
1132 182 1192 224 et
1225 169 1501 225 virtutem
1541 167 1835 241 despicere
1888 166 2225 241 potuerint,

376 247 511 317 qul,
537 248 816 303 dimicare
848 264 956 301 non
991 248 1112 303 ausi
1135 289 1154 319 ‚
1188 249 1434 323 turpiter
1463 265 1525 305 se
1555 248 1615 303 in
1644 262 1834 303 castra
1864 248 2217 320 receperint.

375 321 688 397 Imperium
723 344 784 383 se
833 344 868 383 a
898 322 1122 383 Caesare
1175 346 1273 401 per
1326 328 1713 400 proditionem
1772 330 1982 384 nullum
2037 328 2215 383 desi-

370 402 580 461 derare
607 446 628 477 ,
679 406 826 481 quod
875 406 1082 463 habere
1127 410 1375 465 victoria
1420 422 1653 483 posset,
1710 424 1831 481 quae
1879 406 1991 481 jam
2054 416 2221 480 esset

370 482 484 539 sibi
507 524 527 557 ,
557 504 624 541 ac
653 486 913 542 omnibus
942 483 1130 542 Gallis
1159 490 1473 563 explorata.
1528 486 1685 561 Quin
1712 489 1893 541 etiam
1932 485 2070 559 ipsis
2100 502 2217 539 re·-

373 564 613 621 mittere
636 606 656 637 ,
704 567 751 621 si
803 565 912 621 sibi
947 566 1128 639 magis
1161 566 1437 625 honorem
1478 568 1771 637 tribuere,
1800 582 1967 639 quam
2024 564 2096 619 ab
2146 580 2220 621 se

373 644 619 700 salutem
663 646 924 719 accipere
973 646 1291 703 videantur.
1344 642 1514 722 Quod
1568 662 1629 703 ut
1676 644 2067 721 intelligatis,
2109 643 2224 699 in-

374 724 548 797 quit,
595 726 816 783 sincere
863 741 897 781 a
941 742 1030 781 me
1082 727 1487 799 pronuntiari,
1535 727 1731 783 audite
1762 725 2050 783 Romanos
2086 724 2223 779 rni-

373 803 528 859 lites.
589 803 913 861 “Producit
943 822 1138 861 servos
1161 846 1179 873 ,
1207 824 1347 879 quos
1376 808 1435 861 in
1474 804 1837 878 pabulatione
1874 804 2065 877 paucis
2096 821 2221 857 an·-

375 893 437 936 te
471 883 669 941 diebus
710 898 1014 958 exceperat
1037 924 1055 954 ,
1085 898 1145 941 et
1200 886 1348 941 fame
1371 926 1390 956 ,
1433 886 1785 961 vinculisque
1835 884 2227 958 excruciave-

373 976 470 1017 rat
521 963 570 1019 Ii
600 965 714 1040 jam
745 978 879 1020 ante
913 964 1128 1037 edocti,
1158 984 1279 1039 qua‘.
1310 966 1653 1043 interrogati
1686 965 2148 1038 pronuntiarent,
2174 1002 2221 1036 „

374 1042 592 1099 milites
634 1062 694 1101 se
727 1062 848 1101 esse
877 1044 1221 1119 legionarios
1254 1044 1491 1117 dicunt3
1543 1046 1693 1100 fame
1714 1085 1733 1116 ,
1766 1057 1824 1099 et
1877 1042 2073 1109 inopia
2103 1039 2229 1097 ad-

375 1122 578 1179 ductos
602 1165 619 1194 ,
650 1128 797 1183 clam
829 1142 900 1179 ex
931 1126 1134 1179 castris
1163 1126 1372 1181 exiisse
1392 1166 1412 1197 ,
1442 1126 1491 1180 si
1536 1126 1672 1201 quid
1723 1124 1996 1179 frumenti
2029 1162 2049 1195 ‚
2108 1137 2216 1177 aut

377 1205 602 1273 pecoris
626 1206 682 1259 in
707 1204 862 1279 agris
883 1206 1134 1277 reperire
1159 1218 1403 1279 possent.
1422 1202 1613 1261 Simili
1636 1222 1862 1261 omnem
1894 1203 2083 1261 exerci
2094 1215 2219 1257 tum

301 1304 305 1313 ·
377 1282 575 1353 inopia
609 1286 828 1357 premi,
864 1301 964 1339 nec
1011 1283 1124 1359 jam
1169 1284 1321 1339 vires
1361 1282 1621 1350 sufficere
1673 1282 1995 1357 cujusquam
2024 1322 2043 1353 ,
2102 1298 2213 1337 nee

261 1918 334 1959 21

269 2783 343 2824 ⁸2

376 1361 530 1419 ferre
560 1366 750 1437 operis
774 1365 1026 1421 laborem
1053 1381 1232 1437 posse.
1256 1364 1458 1440 Itaque
1488 1366 1755 1421 statuisse
1778 1364 2214 1437 imperatorem,

378 1442 427 1497 si
503 1444 650 1498 nihil
704 1445 764 1500 in
825 1444 1252 1523 oppugnatione
1320 1444 1517 1517 oppidi
1582 1442 1917 1517 profecisset
1952 1483 1969 1511 ‚
2016 1442 2213 1497 triduo

375 1525 694 1577 exercitum
726 1524 1022 1579 deducere.
1071 1525 1259 1579 “Haec
1290 1541 1321 1579 a
1363 1540 1473 1595 me,
1502 1524 1688 1601 inquit
1722 1522 2223 1601 Vercingetorix,

375 1600 657 1657 beneficia
703 1604 966 1678 habetis,
1013 1621 1184 1677 quem
1229 1602 1581 1676 proditionis*
1613 1604 1957 1658 insimulatis
1988 1642 2006 1671 ,
2058 1599 2221 1675 cujus

377 1697 554 1753 opera
583 1684 706 1738 sine
753 1697 944 1743 vestro
993 1684 1269 1757 sanguine
1322 1686 1541 1739 tantum
1582 1684 1899 1739 exercitum
1930 1682 2219 1737 victorem

361 1759 530 1833 ,fame
555 1780 694 1835 pene
713 1774 1106 1837 consumptum
1138 1763 1353 1819 videtis
1372 1784 1393 1835 ς
1414 1780 1580 1837 quern
1613 1764 1860 1836 turpiter
1892 1780 1952 1817 se
1982 1779 2050 1817 ex
2080 1760 2221 1833 fuga

381 1843 758 1914 recipientem
781 1838 806 1914 ,'
830 1861 900 1899 ne
930 1860 1049 1915 qua
1075 1843 1289 1899 civitas
1320 1844 1434 1908 suis
1464 1842 1670 1899 finibus
1720 1841 2008 1915 recipiat,
2055 1858 2091 1895 a
2124 1858 2221 1897 me

384 1922 673 1992 provisum
707 1936 870 1992 est.‚,
897 1920 1240 1979 Conclamat
1270 1922 1456 1979 omnis
1480 1922 1790 1979 multitudo
1809 1962 1831 1995 ‚
1862 1934 1921 1976 et
1952 1938 2052 1977 suo
2082 1938 2223 1977 mo·-

381 2016 446 2053 re
477 2002 652 2057 armis
700 2012 1008 2073 concrepat
1027 2041 1048 2073 ,
1100 2002 1250 2075 quod
1309 2002 1499 2058 faeere
1548 2004 1609 2059 in
1646 2000 1721 2059 eo
1779 2012 2219 2071 consueverunt,

378 2079 536 2153 cujus
565 2081 887 2137 orationem
917 2082 1276 2154 approbant:
1319 2098 1599 2137 summum
1623 2098 1745 2140 esse
1776 2079 2223 2155 Vercingetori-

379 2177 510 2234 gem
529 2162 732 2221 ducem
756 2200 776 2231 ,
803 2174 907 2215 nec
935 2160 1007 2215 de
1037 2160 1152 2235 ejus
1178 2159 1291 2217 fide
1321 2160 1717 2242 dubitandum,
1739 2178 1844 2217 nec
1874 2159 2075 2235 majori
2110 2176 2217 2215 ra·-

379 2241 542 2295 tione
565 2228 775 2297 belsum
797 2238 1189 2297 administrari
1225 2257 1402 2314 posse.
1427 2238 1700 2297 Statuunt
1722 2280 1746 2311 ,
1772 2238 2052 2296 ut‘decem
2082 2240 2218 2295 mil-

381 2320 463 2373 lia
493 2320 782 2375 hominum
814 2320 1036 2375 delecta
1077 2338 1146 2376 ex
1177 2319 1437 2377 omnibus
1461 2320 1651 2393 copiis
1693 2321 1753 2375 in
1778 2320 2049 2393 oppidum
2073 2319 2219 2375 sub-

383 2398 720 2456 mittantur:
749 2398 1010 2455 nec'solis
1031 2400 1387 2475 Biturigibus
1408 2416 1769 2459 communem
1797 2402 2037 2455 salutem
2058 2416 2220 2455 com-

380 2479 726 2535 mittendam
759 2490 1011 2549 censent,
1030 2479 1178 2553 quod
1203 2496 1375 2553 penes
1406 2496 1503 2537 eos
1524 2519 1546 2551 ,
1572 2481 1619 2538 si
1642 2479 1916 2553 oppidum
1946 2478 2227 2535 retinuis-

385 2570 518 2613 sent
534 2598 555 2633 ‚
585 2575 860 2617 summam
885 2559 1143 2615 victoriae
1171 2570 1437 2616 constare
1461 2558 1883 2633 intelligebant.

577 2788 581 2792 ¹
1026 2718 1264 2775 Desunt
1296 2716 1585 2773 nonnulla.

508 2794 796 2871 Singulari
829 2796 1080 2855 rnilitum
1132 2810 1454 2853 nostrorum
1498 2797 1705 2852 virtuti
1742 2796 1985 2855 consilia
2028 2794 2224 2869 cujus-

385 2894 494 2953 que
525 2879 677 2935 modi
700 2872 999 2935 Gallorum
1035 2876 1411 2934 occurrebant
1438 2918 1460 2949 ,
1508 2879 1549 2911 “
1572 2890 1633 2933 ut
1688 2890 1775 2943 est
1830 2893 2058 2933 summae
2110 2893 2221 2951 ge-

385 2976 488 3015 nus
517 2960 788 3029 sollertiae
807 2999 828 3031 ,
859 2972 1029 3033 atque
1059 2956 1130 3013 ad
1166 2958 1359 3015 omnia
1390 2958 1672 3014 imitanda
1691 2996 1713 3029 ,
1744 2967 1916 3031 atq-ue
1958 2953 2219 3011 efficien-

443 3176 509 3223 23
574 3170 806 3213 constare
865 3166 1220 3221 intelligebant.
1247 3163 1267 3209 )
1328 3164 1528 3211 nullum
1576 3161 1629 3209 in
1678 3158 1899 3209 vetustis
1942 3156 2216 3217 codicibus,

380 3226 704 3288 Recentiores
722 3234 904 3288 putant
925 3224 1008 3273 hic
1029 3229 1265 3287 quaedam
1329 3234 1493 3286 mque
1514 3252 1519 3257 -
1544 3224 1594 3271 in
1618 3227 1797 3275 Graeco
1838 3224 2037 3276 lacuna
2082 3222 2217 3271 indi·

379 3290 516 3339 inter
533 3302 649 3353 cap.
665 3300 751 3343 21.
771 3296 825 3339 et
847 3301 932 3339 22.
953 3288 1150 3339 deesse:
1171 3290 1262 3341 sed
1328 3290 1485 3359 cinni,
1504 3294 1569 3341 D.
1594 3294 1737 3339 Voss.
2198 3306 2207 3311 ·
