2459 3834
924 157 1010 210 1.1
1022 156 1094 208 B.
1155 157 1228 208 A.
1282 157 1555 209 uma-11.
1926 159 2021 232 50
2032 165 2099 239 3.

249 252 340 297 tra
379 256 506 297 suas
539 235 890 294 munitiones
947 235 1306 310 recepisset,
1345 253 1551 310 campo
1600 249 1897 310 purgato,
1936 242 2078 295 ani-

217 320 558 391 ,madvertit
592 315 836 372 mirifica
867 331 1110 391 corpora
1139 313 1443 372 Gallorum
1465 356 1485 387 ,
1515 311 2079 392 Germanorumque,

245 401 341 473 qui
387 410 604 468 partem
661 395 776 468 ejus
828 395 1239 452 auctoritatem
1289 408 1454 450 erant
1515 413 1585 450 ex
1614 394 1816 452 Gallia
1864 401 2075 471 secuti,

244 479 459 550 partim
503 475 732 548 pretio,
783 474 1411 548 pollicitationibusque
1467 475 1749 546 adducti,
1789 477 1879 538 ,ad
1939 494 2079 534 enm.

241 573 302 612 se
331 558 742 623 contulerant,
783 553 1080 622 nonnulli,
1135 552 1232 625 qui
1283 571 1352 610 ex
1381 551 1655 610 Curionis
1717 556 1908 625 praelio
1957 573 2079 622 ca·,

243 636 385 709 pti,
415 632 890 704 conservatique,
945 648 1139 703 parem
1187 634 1439 705 gratiam
1488 634 1549 687 in
1598 631 1712 688 fide
1766 636 2067 704 partienda

243 727 515 787 praestare
569 715 888 766 voluerant.
960 710 1177 766 Horum
1244 726 1487 784 corpora
1556 711 1802 768 mirifica
1855 714 2070 785 specie,

240 791 735 865 amplitudineque
763 805 905 844 caesa
946 800 1074 845 toto
1102 805 1228 845 cam
1235 807 1308 863 po
1335 828 1357 863 ,
1402 806 1473 845 ac
1520 804 1813 864 prostrata
1840 794 2069 850 diverse

219 941 226 949 ι
239 868 529 946 jacebant.

829 1023 881 1084 c
911 1023 966 1082 A
992 1024 1039 1082 Ρ
1067 1025 1127 1083 U
1155 1024 1208 1081 T
1300 1007 1501 1083 xvix.

241 1195 443 1256 Caerar
483 1196 663 1252 aciem
693 1193 958 1271 instruit.
1011 1190 1218 1268 Scipio
1266 1192 1483 1252 castris
1528 1211 1595 1252 se
1628 1195 1884 1254 continet
1910 1196 2069 1270 ,in-

241 1279 356 1348 de,
405 1277 712 1332 accedente
752 1271 982 1332 Caesare
1016 1274 1094 1330 ad
1131 1273 1474 1340 munitiones
1512 1314 1532 1345 ,
1582 1276 1864 1330 auxilium
1922 1273 2061 1348 fert

280 1355 486 1428 oppido
524 1355 746 1411 Uzitae.
789 1350 985 1410 Caesar
1025 1353 1254 1426 copias,
1288 1370 1425 1428 quas
1454 1364 1654 1408 contra
1685 1353 2020 1427 Scipionem

491 1435 571 1490 ad
593 1444 850 1512 pugnam
873 1442 1200 1506 paraverat
1220 1471 1243 1506 ,
1271 1432 1330 1488 in
1360 1441 1561 1490 castra
1584 1434 1824 1506 recipit.

316 1602 498 1726 His
542 1671 708 1743 rebus
747 1671 968 1748 gestis,
1026 1683 1257 1742 postero
1304 1671 1399 1740 die
1448 1663 1638 1728 Ca‘esar
1684 1689 1756 1728 ex
1799 1670 2063 1729 omnibus
2102 1687 2178 1747 4¹

236 1735 522 1826 praesidiis
568 1754 838 1808 cohortes
885 1752 1082 1808 eduxit
1113 1790 1133 1823 ,
1191 1764 1363 1824 atque
1412 1768 1609 1807 omnes
1664 1769 1793 1807 suas
1864 1753 2063 1824 copias

238 1831 303 1886 in
331 1847 533 1903 campo
577 1831 866 1886 instruxit.
917 1829 1154 1904 Scipio,
1196 1833 1313 1886 suis
1360 1835 1511 1887 male
1542 1832 1795 1904 acceptis
1826 1869 1846 1900 ,
1897 1832 2070 1886 occi-

241 1909 363 1980 sis,
404 1911 823 1983 vulneratisque
848 1949 868 1980 ,
909 1909 1073 1965 intra
1095 1926 1222 1965 suas
1257 1911 1554 1964 continere
1604 1927 1665 1966 se
1720 1911 2071 1966 munitiones

244 1990 443 2061 coepit.
487 1987 675 2046 Caesar
719 1991 1001 2044 instructa
1041 1989 1168 2043 acie
1197 1991 1503 2044 secundum
1537 1987 1760 2045 infimas
1788 1989 1906 2062 jugi
1958 2006 2068 2042 ra-

243 2067 402 2123 dices
450 2069 678 2139 propius
719 2068 1066 2122 munitiones
1104 2067 1313 2122 leniter
1344 2069 1601 2123 accessit.
1665 2067 1905 2141 Jamque
1941 2067 2075 2137 mi·-¹

151 2203 158 2208 ,
245 2159 348 2202 nus
371 2147 527 2202 mille
562 2163 816 2220 passuum
860 2142 920 2182 ⁶⁶
961 2146 1034 2200 ab
1075 2147 1290 2218 oppido
1318 2145 1534 2218 Uzita,
1574 2147 1722 2218 quod
1746 2145 1942 2219 Scipio
1966 2159 2067 2200 te-

245 2227 460 2295 nebat,
507 2226 743 2280 aberant
788 2225 1039 2298 legiones
1079 2225 1360 2295 Julianae,
1389 2241 1515 2280 cum
1564 2225 1759 2296 Scipio
1817 2225 2065 2294 verituS,

249 2321 324 2358 ne
356 2305 629 2375 oppidum
660 2304 956 2357 amitteret
980 2342 999 2373 ,
1042 2305 1189 2356 unde
1226 2305 1423 2375 aquari
1452 2343 1471 2374 ,
1518 2303 1863 2376 reliquisque
1904 2303 2071 2357 rebus

249 2382 533 2440 sublevari
575 2381 705 2455 ejus·
738 2382 1019 2436 exercitus
1067 2396 1437 2437 consueverat
1467 2421 1487 2454 ,
1536 2384 1759 2437 eductis
1808 2383 2071 2437 omnibus

251 2460 438 2530 copiis
466 2499 485 2530 ,
528 2461 884 2533 quadruplici
929 2461 1055 2514 acie
1105 2461 1385 2516 instructa
1428 2500 1446 2530 ,
1494 2479 1563 2516 ex
1624 2463 1892 2516 instituto
1951 2477 2073 2531 sun,

251 2540 440 2612 prima
468 2539 718 2614 equestri
762 2539 1054 2594 turmatim
1086 2541 1309 2594 directa
1330 2579 1350 2608 ,
1379 2541 1813 2612 elephantisque
1842 2541 2073 2594 turritis

250 2617 655 2689 interpositis,
701 2619 1050 2689 armatisque
1092 2619 1383 2690 suppetias
1421 2620 1507 2674 ire
1538 2620 1851 2674 contendit.
1906 2616 2075 2689 Quod

252 2696 350 2752 ubi
381 2694 570 2751 Caesar
618 2697 1030 2752 animadvertit
1059 2735 1078 2766 ,
1129 2698 1442 2752 arbitratus
1472 2697 1795 2769 Scipionem
1852 2697 1920 2749 ad
1974 2698 2078 2750 di-

255 2777 582 2831 micandum
615 2788 870 2848 paratum
902 2775 972 2828 ad
1017 2776 1078 2830 se'
1117 2790 1280 2832 certo
1322 2777 1517 2830 animo
1559 2777 1795 2844 venire,
1821 2770 1879 2817 ⁶7
1918 2775 1975 2828 in
2008 2791 2075 2830 eo

251 2857 423 2927 loco,
475 2871 588 2929 quo
644 2857 834 2928 paullo
882 2867 1018 2909 ante
1077 2854 1566 2925 commemoravi,
1604 2867 1737 2910 ante
1798 2854 2073 2926 oppidum

248 3018 260 3036 ⁶
315 3027 388 3071 Ab
419 3025 588 3082 oppido
619 3025 780 3070 Uzita.
809 3021 1129 3075 >Ptolemaeo'
1191 3020 1454 3084 antiptosl,
1477 3020 1663 3081 de‘qua
1681 3019 1847 3067 Sancti
1872 3021 2073 3067 Miner-

249 3087 470 3144 oogavra
486 3090 538 3133 in
557 3085 1129 3144 mediterraneIS‚prope
1194 3099 1313 3132 vam
1328 3120 1351 3142 λ
1366 3095 1416 3131 et
1434 3087 1558 3131 C.V.
1576 3087 1683 3142 Jac.
1706 3083 1952 3130 PerIzcnii
1977 3085 2071 3130 ad-

207 3190 214 3200 ,
254 3147 486 3195 Tisdrum
506 3183 518 3206 ‚
542 3159 594 3195 et
611 3148 809 3208 Leptim
834 3146 1102 3195 minorem.
1191 3148 1533 3200 ditamentum
1558 3146 1677 3194 vide
1699 3145 1815 3192 libr.
1832 3159 2072 3193 1v.c.xu.

321 3209 387 3268 67
436 3219 491 3256 ιη
517 3227 569 3259 eo
592 3217 710 3268 loco,
731 3227 815 3270 quo
839 3215 997 3265 paullo
1018 3220 1132 3257 ante
1194 3213 1379 3257 Tamen
1403 3213 1621 3273 Venetus
1645 3217 1797 3254 vetus
1816 3241 1831 3265 ,
1858 3219 1909 3256 et
1932 3212 2075 3268 Gry-

257 3275 678 3321 commemoravit.)
703 3276 780 3321 sic
798 3271 1036 3320 meliores
1059 3272 1131 3319 11-
1195 3272 1410 3333 phlanus
1432 3270 1579 3330 liber,
1593 3269 1783 3332 aliique
1804 3286 1933 3330 quem
1948 3287 2078 3320 com—

260 3332 341 3382 bri
365 3368 382 3394 ,
401 3333 562 3386 etiam
603 3339 705 3386 MS.
731 3336 933 3396 Ursini,
953 3340 1134 3388 Graeca
1196 3339 1486 3395 memoravi,
1512 3333 1623 3382 sine
1645 3332 1825 3395 figura.
