2459 3834
412 90 564 182 518
877 110 980 163 nn
1026 110 1269 163 mm
1323 106 1709 164 atticano

409 189 644 261 Leptim
681 188 946 246 universa
991 193 1171 249 classe
1215 204 1451 263 vectus,
1500 205 1674 249 naves
1722 185 2015 243 onerarias
2034 224 2059 258 ,
2096 202 2235 261 qun

413 271 638 343 longius
676 288 711 325 a
735 284 898 342 portu
931 270 992 323 in
1021 272 1141 325 salo
1167 270 1435 343 stabant,
1460 268 1719 323 incendit
1739 306 1761 339 ,
1784 269 1845 312 ⁹¹
1867 279 1926 323 et
1956 278 2235 339 penteres

273 342 371 419 ’63
411 347 548 404 duas
573 365 772 405 vacuas
799 366 834 403 a
855 347 1245 405 defensoribus
1264 350 1419 405 nullo
1456 358 1803 420 repugnante
1824 346 1996 418 cepit.
2028 343 2231 403 caesar

411 426 648 483 iuterim
671 429 941 483 celeriter
981 444 1080 499 per
1113 428 1345 485 nuntios
1383 429 1442 483 in
1472 426 1678 484 castris
1698 465 1717 497 ‚
1748 442 1875 481 cum
1904 440 2077 497 opera
2102 427 2239 481 cir-

410 508 598 561 cuiret
627 547 646 579 ,
674 506 892 562 certior
919 506 1104 561 factus
1125 547 1144 578 ‚
1171 526 1293 582 quae
1332 508 1568 563 aberant
1605 521 1641 559 a
1679 519 1846 575 portu
1874 504 2053 559 millia
2080 523 2231 577 pas-

411 600 572 639 suum
620 604 738 656 m,
782 602 929 658 equo
979 586 1269 660 admisso,
1310 587 1537 645 omissis
1582 584 1841 639 omnibus
1882 584 2083 656 rebus,
2110 602 2232 641 ce·-

409 665 612 719 leriter
651 666 910 735 pervenit
952 664 1184 738 Leptim
1219 683 1235 722 t
1278 667 1474 739 ibique
1500 678 1752 719 moratus
1780 704 1796 732 ,
1826 679 2019 719 omnes
2058 678 2117 719 ut
2162 684 2229 723 se

409 758 586 798 naves
623 758 1097 818 consequerentur
1117 786 1138 816 ‚
1179 748 1427 817 primum.
1448 746 1572 815 ipse
1612 744 1955 817 navigiolum
1984 760 2227 816 parvum

409 826 778 895 conscendit5
825 826 883 878 iu
929 842 1093 879 cursu
1136 825 1405 899 Aquilam
1450 823 1817 879 multitudine
1866 824 2234 896 navigiorum

409 904 784 973 perterritum
812 944 832 974 ‚
865 920 1035 976 atque
1076 905 1460 976 trepidantem
1504 915 1699 957 nactus
1721 942 1740 973 ,
1776 902 2022 957 hostium
2065 908 2233 961 clas-2

415 996 536 1034 sem
595 984 754 1055 sequi
823 986 1019 1055 coepit.
1073 983 1315 1039 Interim
1368 984 1583 1040 Varus,
1617 982 1914 1037 celeritate
1965 982 2237 1059 Caesaris,

415 1061 764 1133 audaciaque
805 1078 1020 1129 motus,
1052 1079 1180 1117 cum
1229 1066 1493 1126 universa
1526 1062 1703 1117 classe
1731 1101 1751 1130 ,
1781 1064 2071 1117 conversis
2104 1070 2233 1120 na·-
2266 1126 2274 1133 ,

417 1140 616 1209 vibus,
645 1141 1021 1197 Adrumetum
1053 1158 1247 1197 versus
1290 1142 1485 1215 fugere
1523 1140 1839 1196 contendit.
1880 1140 2064 1213 Quem
2088 1142 2235 1199 Cae-

387 1234 512 1287 ¹sas·
543 1220 600 1279 in
633 1222 883 1281 millibus
915 1237 1168 1293 passuum
1189 1240 1272 1275 iv.
1304 1234 1663 1297 consecutus,
1694 1234 2027 1293 recuperata
2046 1225 2231 1295 quin-

415 1301 668 1369 queremi
722 1316 849 1355 cum
886 1301 1146 1356 omnibus
1194 1301 1309 1355 suis
1344 1300 1845 1373 epibatis,-atque
1891 1302 2071 1355 etiam
2109 1304 2229 1359 ho-

417 1378 594 1433 stium
625 1380 952 1435 custodibus
969 1397 1132 1435 cxxx.
1175 1376 1236 1433 in
1259 1397 1325 1435 ea
1356 1396 1497 1433 nave
1526 1379 1711 1449 captis
1732 1417 1752 1447 ,
1794 1377 2087 1435 triremem
2119 1382 2233 1441 ho-

419 1457 942 1529 ⁸tiumproximam
967 1498 986 1529 ‚
1023 1476 1144 1531 quae
1181 1459 1240 1511 in
1290 1458 1806 1531 repugnando-erat
1854 1474 2230 1536 commorata,

419 1550 684 1592 onustam
743 1540 1017 1611 remigum
1041 1578 1060 1608 ,
1100 1537 1568 1609 epibatarumque
1615 1538 1787 1607 cepit.
1830 1536 2076 1612 Reliquae
2116 1559 2231 1597 na-

421 1623 523 1671 ves
563 1616 812 1674 hostium
866 1618 1329 1689 promontorium·
1363 1627 1699 1687 superarunt
1731 1654 1751 1683 ,
1794 1629 1966 1686 atque
2021 1616 2229 1677 Adru-

411 1708 637 1751 .metum
700 1696 758 1751 in
799 1694 1121 1753 Cothonem
1172 1712 1231 1749 se
1288 1696 1558 1751 universae
1603 1698 1983 1751 contulerunt.
2030 1695 2223 1758 Caesnt

413 1775 618 1830 eodem
655 1791 830 1831 vento
873 1776 1320 1849 promontorium
1360 1790 1623 1848 superare
1676 1791 1785 1829 non
1837 1776 2025 1845 potuit
2052 1816 2072 1847 ,
2120 1792 2229 1834 at.-

413 1871 524 1927 que
570 1857 630 1912 in
671 1862 790 1913 salo
839 1858 898 1911 in
938 1854 1202 1910 anchoris
1241 1873 1311 1911 ea
1366 1865 1532 1909 nocte
1563 1866 1990 1924 commoratus,
2032 1859 2221 1933 primq

412 1934 556 1989 luce.
585 1936 962 1992 Adrumetum
1031 1932 1256 1989 accedit
1300 1955 1319 2006 3
1368 1933 1559 2006 ibique
1614 1932 1848 1989 navibus
1918 1938 2219 2012 onerariiS,

413 2028 534 2084 quae
581 2027 746 2070 erant
784 2030 944 2070 extra
982 2009 1307 2067 Cothonem
1334 2052 1353 2083 ,
1393 2012 1676 2081 incensiS,
1722 2012 2086 2087 omnibusque
2116 2034 2224 2071 re·-

411 2093 584 2168 liquis
610 2095 768 2151 aliis·
795 2107 896 2149 aut
923 2091 1212 2147 subductis
1234 2132 1253 2163 ,
1292 2104 1390 2147 aut
1436 2092 1494 2145 in
1527 2086 1851 2146 cothonem
1891 2096 2220 2169 compulsis,

416 2176 721 2249 paullisper
764 2170 1142 2231 commoratus
1164 2209 1182 2241 ,
1214 2174 1263 2227 si
1293 2172 1447 2227 forte
1490 2173 1702 2225 vellent
1750 2174 1929 2225 classe
1959 2172 2224 2231 dimica-

295 2250 380 2327 64
418 2270 515 2327 re,
557 2256 744 2311 rursus
770 2256 836 2311 'se
867 2253 1074 2325 recipit
1107 2253 1165 2307 in
1207 2264 1413 2309 castra.
1450 2250 1515 2307 In
1546 2267 1613 2306 ea
1648 2266 1789 2305 nave
1811 2261 2009 2319 captus
2036 2266 2122 2309 est
2148 2252 2219 2314 P.

414 2335 676 2391 Vestrius
705 2350 886 2409 ‘eques
917 2334 1239 2401 Romanus,
1277 2346 1335 2387 et
1364 2335 1423 2377 9²
1452 2329 1513 2385 P.
1560 2328 1825 2401 Ligarius
1854 2329 2222 2409 Afranianus,

410 2414 576 2489 quem
629 2413 816 2471 Caesar
867 2415 927 2468 in
967 2412 1253 2484 ‘Hispania
1304 2428 1431 2467 cum
1479 2409 1711 2481 reliquis
1768 2410 2113 2483 dimiserat}
2156 2428 2223 2473 et

414 2508 610 2567 postea
629 2512 688 2549 se
717 2493 789 2549 ad
819 2490 1142 2564 Pom-pejum
1168 2493 1515 2546 contulerat:
1538 2489 1669 2547 inde
1691 2506 1759 2545 ex
1787 2491 1981 2561 praelio
2008 2490 2229 2569 effuge..

409 2586 505 2629 rat
526 2614 545 2645 ,
575 2575 632 2629 in
661 2573 1032 2645 Africamque
1059 2570 1130 2624 ad
1155 2571 1375 2625 Varum
1404 2581 1654 2625 venerat.
1685 2568 1869 2641 Quem
1895 2573 1956 2613 ⁹3
1978 2570 2051 2625 ob
2082 2590 2225 2644 per·-

409 2650 658 2726 jurium,
704 2650 1110 2725 perfidiamque
1150 2647 1338 2705 Caesar
1392 2648 1557 2721 jussit
1606 2648 1820 2701 necari.
1870 2647 1934 2703 P.
1974 2648 2217 2711 -Vestrio

412 2744 647 2807 nutem,
688 2732 834 2806 quod
877 2729 994 2805 ejus
1049 2729 1231 2785 frater
1291 2730 1487 2801 Romae
1528 2728 1825 2801 pecuniam
1874 2727 2212 2801 imperatam

442 2933 510 2983 91
544 2930 614 2974 Et
629 2934 850 2983 penteres
877 2924 1048 2978 duas.)
1067 2923 1281 2979 ’πεντῆ-
1342 2929 1489 2987 gato‚
1525 2924 1576 2971 in
1602 2922 1847 2981 Hispania
1879 2918 2208 2969 militaverat.

412 2983 496 3047 ’ρες
524 3021 538 3043 ,
593 2986 928 3047 quinqueremis
987 2989 1130 3037 navis
1155 3024 1168 3047 ‚
1214 2986 1279 3035 ab
1376 2997 1439 3047 93
1474 2990 1537 3035 01»
1554 2980 2211 3046 perjurium‚perficliamque.>

410 3049 614 3107 ἑρέσσω.
648 3050 776 3097 Vide
818 3062 929 3110 cap.
960 3049 1010 3096 in
1046 3050 1140 3100 hoc
1157 3058 1279 3099 sect.
1344 3051 1471 3111 Quia
1493 3047 1811 3108 jurejurando
1842 3060 1895 3096 se
1925 3044 2213 3094 obstrinxe-

413 3112 498 3171 63.
517 3125 630 3161 usus
645 3115 882 3161 etGraeco
905 3114 1106 3162 nomine
1127 3123 1202 3163 est
1217 3113 1283 3163 de
1346 3122 1451 3173 rat,
1471 3126 1586 3161 cum
1615 3111 1963 3159 dimitteretur
1984 3122 2011 3157 a
2035 3112 2210 3156 Caesa-

407 3176 462 3223 B.
490 3177 755 3223 Alexandr.
780 3189 890 3235 cap.
917 3186 998 3235 14.
1022 3186 1139 3225 sect.
1162 3190 1248 3237 4⁷·
1346 3190 1428 3233 re,
1462 3188 1514 3223 se
1540 3184 1709 3224 contra
1737 3173 1903 3235 ipsum
1929 3171 2067 3221 haud
2094 3184 2210 3222 am·-

459 3245 524 3291 92
561 3244 617 3284 P.
647 3242 876 3297 Ligerim
922 3240 1277 3292 Afranianus.)
1339 3238 1472 3304 plius
1490 3237 1835 3287 militaturum
1871 3244 2019 3287 esset.
2193 3250 2200 3255 ·

401 3299 502 3357 'Qui
529 3300 620 3348 sub
652 3298 894 3361 Afranio,
923 3301 1150 3364 Pompeii
1192 3303 1277 3353 le·
