2459 3834
808 39 961 99 Lm.
1012 44 1089 97 Α.
1125 46 1400 104 umm-
1859 29 2018 131 463

170 128 434 199 cellum,
460 124 651 202 quise
672 120 933 182 Caesaris
990 138 1219 183 causam
1271 127 1640 185 defensurum
1690 126 2052 203 profitebar-⁸

173 222 319 282 tur,
348 209 553 263 ducem
596 206 969 262 adsciverunt
990 246 1011 279 ,
1061 221 1474 283 praetoremque
1515 212 1882 283 appellarunt
1909 251 1930 284 ‚
1958 224 2024 269 et

174 290 295 347 sibi
338 294 689 362 conventum
734 286 1169 365 adjunxerunt:
1212 302 1516 369 castraque
1567 290 1646 351 ad
1685 287 2025 351 Cordubam

174 380 517 447 posuerunt.

395 471 405 477 ·
744 444 1097 507 CAPUT
1168 447 1503 508 XVIII»

178 606 431 671 Cassius.
450 606 609 680 circa
640 606 861 665 Baetim
889 615 1091 665 castra
1113 608 1288 681 ponit
1309 648 1330 680 ‚
1357 620 1422 666 et
1463 627 1500 665 a
1543 610 1804 689 Bogude'
1823 610 2024 692 Rege,

178 691 591 767 Marcelloque
622 688 905 744 auxilium
940 690 1107 760 petit
1142 710 1163 763 3
1194 706 1370 766 agros
1401 686 1846 749 Cordubensium
1876 710 2024 759 vne-

52 851 57 860 .
112 810 114 813 <
178 780 303 827 tat.
352 766 687 829 Marcellus
730 778 897 823 trans
926 768 1145 827 Betim
1191 768 1462 851 ‚legiones
1502 770 1748 829 iustruit
1771 811 1792 844 ,
1829 771 2026 849 ibique

172 859 392 927 postea
434 866 538 905 sua
593 845 789 905 Cassii
838 850 1058 905 castris
1108 849 1364 925 opponit.
1433 848 1740 927 Longinus
1766 848 2024 929 fugiens

254 928 451 989 Ullam
480 930 781 989 contendit
796 944 1000 1006 ,quem
1032 928 1364 991 Marcellus
1389 929 1748 1013 insequitur,
1769 929 1964 1011 ibique
2005 962 2013 972 =
2063 990 2067 997 ,

810 1025 822 1068 ,·’
888 1018 1093 1069 castra
1126 1010 1335 1069 munit.

276 1109 568 1237 Cassius
608 1186 681 1228 eo
706 1168 886 1227 biduo
912 1167 1153 1227 circiter
1171 1173 1264 1225 ἰν.
1296 1168 1482 1227 millia
1509 1159 1772 1245 passuum
1803 1190 1837 1229 a
1865 1170 2022 1232 Cor-

190 1252 389 1323 duba,
438 1253 591 1308 citra
640 1250 851 1305 flumen
892 1250 1139 1321 Baetim,
1179 1250 1243 1304 in
1302 1250 1502 1323 oppidi
1545 1264 1852 1325 conspectu
1901 1258 2029 1313 loco

194 1333 425 1392 excelso
446 1330 592 1386 facit
622 1345 855 1403 castrat,
884 1331 1085 1385 literas
1104 1328 1178 1385 ad
1210 1345 1404 1404 regem
1434 1329 1727 1404 Bogudem
1755 1334 1818 1387 in
1843 1332 2032 1389 Mau-‘-

195 1410 480 1469 ritaniam
499 1449 523 1484 ‚
551 1424 611 1467 et
640 1412 715 1465 ad
748 1410 833 1467 M.
857 1409 1140 1483 Lepidum
1170 1412 1573 1483 proconsulem
1596 1410 1657 1464 in
1686 1412 2032 1487 Hispaniam

198 1492 539 1549 citeriorem
556 1490 770 1547 ¹·mittit
789 1530 811 1564 ,
850 1490 1108 1549 subsidio
1144 1490 1306 1562 sibi,
1335 1490 1761 1565 provinciaque
1789 1490 2034 1551 Caesaris
2103 1502 2111 1509 ”

196 1588 373 1629 causa
412 1572 831 1647 quamprimum
872 1572 1121 1627 veniret.
1170 1570 1300 1644 Ipse
1343 1569 1554 1631 „hostili
1597 1573 1768 1632 modo
1797 1570 2032 1638 ,Cordu-
2070 1588 2152 1647 50

202 1652 465 1711 bensium
506 1669 677 1728 agros
704 1662 933 1723 vastat,
960 1648 1202 1711 aedificia
1247 1648 1527 1709 incendit·
1568 1646 1741 1727 Cujus
1790 1653 1878 1711 rei
1917 1654 2038 1714 de·-

207 1733 518 1792 formitate
541 1772 563 1806 ‚
586 1728 761 1807 atque
804 1732 1160 1807 indignitate
1202 1732 1457 1805 legiones
1475 1769 1498 1802 ‚
1543 1746 1666 1804 quae
1695 1730 2038 1793 Marcellum

214 1813 329 1869 sibi
360 1814 566 1869 ducem
596 1827 872 1887 ceperant
890 1852 912 1886 ,
938 1813 1011 1867 ad
1040 1828 1167 1868 eum
1193 1822 1640 1885 concurrerunt3
1669 1824 1733 1867 nt
1764 1814 1824 1871 in
1851 1816 2040 1871 aciem

212 1946 219 1951 .
248 1892 594 1951 ducerentur
616 1932 640 1965 ‚
681 1904 893 1965 orant3
937 1892 1206 1966 priusque
1235 1890 1582 1965 confligendi
1620 1891 1731 1949 sibi
1784 1908 2042 1969 potestas

260 1986 386 2031 eret
407 2013 429 2047 ,
449 1990 620 2051 quam
660 1990 793 2029 cum
832 1985 997 2029 tanta
1026 1972 1378 2029 contumelia
1407 1970 1778 2030 nobilissimae
1808 2013 1828 2047 ,
1857 1977 2042 2033 caris·

214 2054 481 2130 sim'aeque
531 2056 914 2128 possessiones
956 2052 1416 2112 Cordubensium
1474 2052 1538 2119 in
1586 2048 1900 2131 conspectu
1937 2074 2054 2131 syo

211 2136 457 2208 rapinis,
486 2134 680 2207 ferre,
705 2134 1049 2209 fiammaque
1068 2143 1522 2195 consumeretur.
1547 2128 1882 2205 Marcellus,
1911 2153 2044 2192 cnm

212 2214 529 2290 confligere
571 2214 961 2289 miserrimum
1024 2224 1261 2287 putaret·
1276 2252 1297 2283 ‚
1334 2212 1486 2287 quod
1536 2221 1595 2266 et
1643 2214 1892 2271 victoris
1911 2254 1933 2286 ‚
1981 2228 2044 2275 et

214 2294 365 2367 victi
394 2294 810 2366 detrimentum
854 2296 927 2350 ad
952 2294 1216 2353 eumdem
1245 2288 1530 2361 Caesarem
1559 2304 1710 2353 esset
1747 2292 2048 2357 redunda-

219 2385 415 2431 turum
454 2413 476 2447 ‚
521 2391 703 2449 neque
748 2392 858 2430 suae
920 2374 1229 2447 potestatis
1285 2383 1434 2429 esset
1460 2410 1482 2443 ‚
1528 2372 1784 2445 legiones
1839 2374 2045 2434 Baetim

222 2440 586 2527 transducit,
614 2466 790 2529 atque
830 2456 1018 2511 aciem
1038 2450 1322 2511 instruit.
1351 2449 1498 2509 Cum
1527 2448 1794 2513 Cassium
1841 2469 2048 2515 contra
2087 2454 2089 2461 '

216 2550 331 2609 „pro
362 2535 571 2596 castris
600 2535 718 2596 suis
746 2536 933 2594 aciem
952 2535 1292 2593 instruxisse
1321 2531 1616 2605 superiore
1646 2537 1772 2593 loco
1796 2533 2049 2611 videret,

223 2630 399 2685 causa
434 2616 823 2689 interposita,
853 2617 1005 2695 quod
1038 2617 1089 2675 is
1138 2615 1201 2671 in
1243 2630 1460 2689 aequum
1502 2628 1618 2669 non
1653 2616 2050 2689 descenderet,

224 2693 543 2755 Marcellus
573 2696 859 2753 militibus
890 2695 1205 2770 persuadet.
1214 2733 1236 2765 ,
1258 2707 1320 2751 ut
1349 2710 1410 2749 se
1435 2696 1496 2749 in
1528 2706 1717 2753 castra
1739 2696 2048 2771 recipiant.

224 2775 431 2851 ltaque
461 2777 660 2851 copias
696 2778 969 2835 reducere
1008 2777 1207 2853 coepit.
1236 2776 1296 2819 ⁷⁷
1329 2772 1604 2853 Cassius,
1633 2776 1730 2852 qui
1761 2774 1908 2836 bene
1938 2794 2054 2834 va-

226 2854 384 2913 lebat
409 2896 429 2929 ,
450 2856 911 2933 vMarcellumque
943 2856 1236 2915 infirmum
1284 2871 1406 2910 esse
1447 2852 1668 2932 sciebat
1691 2893 1711 2926 ‚
1752 2872 2056 2930 aggressus

227 2936 489 3009 equitatu
521 2937 871 3013 legionarios
910 2955 971 2995 se
1016 2936 1366 3010 recipientes
1394 2974 1415 3005 ‚
1444 2938 1766 3007 complures
1795 2937 2056 3005 novissi-

229 3028 353 3073 mos
380 3016 740 3077 in'fluminis
780 3016 927 3094 ripis
966 3014 1276 3074 interficit.
1325 3012 1475 3072 Cum
1521 3015 1634 3071 hoc
1673 3015 2057 3089 detrimentO,

130 3262 139 3272 ,
292 3214 363 3263 ’17
404 3208 607 3255 Cassius
628 3210 832 3267 quibem
857 3207 1103 3261 valebat.)
1173 3204 1410 3267 antiquus
1443 3205 1569 3251 Ven.
1607 3218 1693 3263 quo
1723 3206 1833 3253 bene
1861 3218 1876 3253 z
1919 3202 2060 3267 quod

230 3267 591 3331 Plures'libri,
616 3288 703 3333 quo
748 3278 861 3322 hono
897 3274 1115 3331 valebat,
1174 3268 1346 3333 arguit
1373 3268 1565 3317 lectum
1591 3266 1763 3317 fuisse.
