2459 3834
405 128 559 221 2468
788 154 842 204 n
886 150 1127 203 nanno
1157 148 1720 205 AtExANoamo

401 250 551 305 que,
602 232 701 306 qui
728 248 927 289 omnes
975 230 1049 285 ad
1091 246 1221 289 eum
1263 244 1721 302 concurrerante,
1759 241 2019 303 receptos
2067 230 2127 287 in
2163 230 2250 289 fi-

401 311 533 366 dem
559 351 580 381 ,
646 312 1075 368 conditionibus
1120 310 1411 381 impositis
1467 312 1782 383 provinciae*
1848 313 2103 383 tuendae,
2166 330 2250 367 ac

402 390 813 462 defendendae,
840 390 1093 445 dimittit
1136 401 1196 443 et
1225 388 1381 460 sibi,
1423 402 1484 443 et
1536 388 1879 462 pop.JRom.
1935 392 2250 446 amicissi—

280 474 363 529 66
405 484 546 527 mos·
596 470 799 527 Paucis
845 470 1044 524 diebus
1082 468 1144 523 in
1174 484 1242 523 ea
1293 468 1590 541 provincia
1631 470 2023 543 consumptis,
2071 470 2248 527 Sext.

402 548 684 606 Caesarem
734 552 1016 619 amicum,
1068 560 1129 602 et
1182 550 1562 603 necessarium
1614 564 1775 603 suum
1825 546 1886 593 ⁸⁷
1915 550 2249 624 legionibus

402 626 587 700 Syriae
638 630 912 703 praefecit.
958 629 1087 699 Ipse
1136 628 1336 683 eadem
1385 630 1604 700 classe,
1653 645 1763 703 qua
1791 641 2065 699 venerat,
2095 646 2244 701 pro-

397 708 685 764 ficiscitur
722 711 780 765 in
824 708 1118 765 Ciliciam.
1178 704 1350 780 Cujus
1397 708 1706 782 provinciae
1737 708 2008 763 civitates
2036 725 2248 765 omnes

396 802 605 844 evocat
632 788 913 844 Tarsum:
962 787 1113 862 quod
1153 787 1426 859 oppidum
1481 788 1603 843 fere
1633 788 1814 842 totius
1843 785 2068 843 Ciliciae
2111 804 2247 845 no-

398 865 744 923 bilissimum
772 908 793 941 ,
850 868 1340 941 fortissimumque
1400 879 1506 922 est.
1577 864 1704 938 Ibi,
1755 866 1927 921 rebus
1975 866 2252 924 omnibus

400 948 715 1021 provincia·
734 988 755 1019 ‚
800 960 862 1001 et
892 945 1270 1003 finitimarum
1300 944 1618 1001 civitatum'
1635 946 1967 1001 constitutis
1988 987 2009 1018 ‚
2056 947 2247 1017 cupi-

398 1024 591 1083 ditate
644 1025 1041 1101 proficiscendi
1092 1026 1166 1081 ad
1220 1024 1429 1081 bellum
1479 1026 1787 1101 gerendum
1848 1042 1961 1081 non
2018 1026 2252 1081 diutius

402 1121 700 1179 moratur-2
754 1107 1085 1179 magnisque
1116 1106 1420 1161 itineribus
1471 1124 1574 1179 per
1621 1104 2046 1178 Cappadociam
2091 1120 2250 1160 con-

398 1187 571 1242 fectis
614 1181 673 1222 ⁸⁸
726 1185 957 1239 biduum
1011 1184 1264 1239 Mazacae
1313 1198 1744 1256 commoratuS,
1793 1180 1854 1229 ⁸⁹
1909 1184 2070 1239 venit
2097 1182 2246 1239 Co—

396 1282 608 1339 mana,
648 1264 1133 1335 vetustissimum,
1187 1276 1248 1318 et
1298 1266 1721 1319 sanctissimum
1752 1265 1812 1317 in
1859 1261 2244 1339 Cappadocia.

394 1344 641 1402 Bellonae
684 1348 1004 1417 templum3
1044 1344 1192 1417 quod
1234 1356 1392 1399 tanta
1437 1344 1713 1417 religione
1743 1343 1992 1414 colitur,
2031 1355 2092 1398 ut
2121 1360 2242 1398 sa-

392 1428 600 1481 cerdos
646 1424 764 1501 ejus
815 1426 933 1479 deae
981 1423 1320 1497 majestate,
1366 1424 1656 1497 imperio,
1701 1436 1770 1479 et
1822 1424 2078 1495 potentia
2125 1439 2242 1478 se·-

394 1508 611 1562 cundus
640 1522 674 1561 a
716 1522 849 1578 rege
879 1521 1150 1561 consensu
1183 1504 1371 1576 gentis
1401 1504 1555 1559 illius
1585 1503 1916 1559 habebatur.
1940 1503 2002 1557 Id
2037 1504 2236 1558 homi·

392 1586 457 1639 ni
509 1583 859 1641 nobillisimo
900 1588 963 1631 90
1013 1582 1323 1639 Nicomedi
1354 1583 1638 1655 Bithynio
1685 1582 2068 1656 adjudicavit:
2123 1585 2235 1655 qui

389 1666 555 1739 regio
592 1660 999 1737 Cappadocum
1032 1666 1239 1739 genere
1269 1676 1426 1718 ortus
1447 1702 1468 1733 ‚
1513 1674 1746 1736 propter
1777 1662 2071 1715 adversam
2101 1660 2234 1716 for-

390 1756 591 1799 tunam
636 1743 912 1817 majorum
954 1760 1179 1800 suorum
1201 1783 1223 1815 ‚
1267 1744 1754 1815 mutationemque
1790 1742 2014 1814 generis
2039 1780 2058 1813 ,
2092 1739 2224 1815 jure

388 1824 631 1879 mInime
680 1823 895 1891 dubio,
941 1836 1231 1878 vetustate
1289 1836 1476 1877 tamen
1529 1821 1900 1892 intermisse,
1945 1821 2222 1877 sacerdo-

387 1903 535 1957 tium
582 1903 646 1959 id
708 1902 1024 1975 repetebat.
1090 1905 1148 1947 ⁹¹
1220 1902 1485 1957 Fratrem
1547 1914 1739 1956 autem
1809 1900 2222 1956 Ariobarzanis

385 1980 765 2037 Ariarathem
792 2022 813 2052 ,
850 1998 979 2036 cum
1027 1982 1171 2037 bene
1218 1982 1456 2037 meritus
1496 1993 1733 2055 uterque
1760 1994 1956 2035 eorum
1989 1979 2059 2033 de
2087 1979 2222 2033 Re-

385 2061 614 2133 publica
643 2056 791 2117 esset
810 2099 831 2131 ,
870 2077 943 2113 ne
972 2072 1070 2115 aut
1102 2064 1264 2134 regni
1311 2060 1613 2116 haereditas
1644 2060 2016 2115 Ariarathem
2047 2060 2222 2113 solli-

383 2140 634 2214 citaret,
682 2153 782 2199 aut
831 2139 1213 2215 haeres-regni
1257 2152 1548 2211 terreret,
1598 2138 1979 2197 Ariobarzani
2027 2140 2214 2194 attri-

451 2408 517 2464 8⁷
582 2406 865 2465 legionibus
900 2406 1055 2463 Syriae
1085 2407 1268 2461 praefi-
1330 2406 1439 2451 Hoc
1465 2404 1578 2451 loco
1608 2402 1853 2450 inferiora
1877 2438 1892 2461 ,
1912 2416 1996 2451 seu
2019 2404 2216 2465 Cappa-

376 2472 483 2521 cit.)
502 2469 628 2520 lude
654 2481 685 2515 a
716 2466 1053 2525 scaligeriana
1080 2470 1270 2514 'omnes
1331 2466 1492 2514 dociae
1506 2470 1730 2514 Comana
1755 2466 2122 2525 intelliguntur.

375 2534 610 2591 Syriaque
652 2528 975 2588 vetustioreS,
1011 2528 1121 2576 sine
1141 2540 1270 2577 con-
1393 2540 1464 2590 90
1523 2531 1766 2577 Mcomeaei
1815 2529 2096 2588 Bithynia.)
2137 2528 2216 2577 Sic

372 2593 623 2655 iuutione.
651 2596 760 2641 Nec
787 2591 1032 2647 inaniens»,
1060 2594 1270 2649 legiones
1333 2602 1532 2641 veteres
1553 2592 1708 2652 libr13
1735 2598 1786 2639 et
1807 2588 2108 2651 Bithynium
2133 2604 2213 2637 uo·

374 2661 533 2719 Syriae
554 2668 585 2715 ,·
610 2667 706 2715 pro
729 2656 941 2715 syriacis
980 2653 1150 2701 dicere
1172 2658 1267 2703 'ra-
1331 2668 1450 2703 men
1474 2658 1752 2704 Nicomedes
1777 2688 1792 2713 ,
1830 2661 1886 2701 ut
1926 2654 1990 2701 de
2019 2653 2216 2713 regibus

371 2722 507 2770 citus
530 2718 661 2769 Hist.
690 2729 735 2765 t.
772 2715 854 2775 76.
876 2718 1135 2773 Judaicum
1163 2732 1269 2763 ex-
1330 2726 1529 2767 constat
1563 2718 1697 2766 scal.
1745 2720 2009 2777 Iungerm.
2064 2721 2218 2777 Lyco-

372 2789 571 2831 ercitum
596 2784 927 2839 Vespasianus
952 2808 967 2837 ‚
986 2782 1159 2839 Syria*
1190 2784 1273 2827 Ie·
1331 2784 1468 2840 medi,
1485 2780 1607 2842 quia
1625 2779 1820 2827 Strabo.
1837 2792 1938 2827 ιιι.
1953 2790 2067 2837 pag.
2090 2780 2212 2837 184.

368 2850 535 2906 εἰσπεσ-
578 2847 835 2892 Mucianus
862 2852 1159 2891 sacramento
1202 2858 1271 2891 a·
1332 2845 1399 2892 de
1422 2844 1562 2893 hisce
1578 2841 1938 2901 sacerdotibus,
1964 2839 2060 2887 εἶθ’
2081 2843 2213 2897 ῠςε·

382 2906 571 2967 aegere.
1330 2920 1416 2967 ρον
1439 2904 1749 2965 Λυκομήδυς.

439 2974 501 3021 88
566 2971 769 3019 Biduum
817 2968 1095 3021 Mazaoae.)
1136 2968 1266 3019 urbs
1287 3020 1292 3029 ,
1393 2980 1458 3031 91
1525 2976 1755 3019 Fratrem
1779 2969 2118 3017 Ariobarzanis
2133 2972 2208 3015 A·

370 3032 625 3095 princeps.
654 3032 991 3093 cappadociae
1032 3038 1266 3093 Mazaca,
1327 3032 1710 3091 tiarathern.)De
1727 3030 1810 3079 his
1822 3028 2210 3081 Cicerolibrav.

370 3106 425 3145 et
468 3109 645 3157 regum
665 3096 844 3144 sedes:
888 3104 1001 3157 post
1024 3096 1258 3144 Caesarea
1328 3095 1531 3155 epistol.
1573 3106 1640 3157 2„
1656 3094 1792 3141 Libri
1818 3092 2010 3141 Hirtii:
2042 3092 2213 3141 Graecl

373 3162 648 3220 appellata.
668 3162 876 3215 Eun-op.
903 3155 1071 3219 yut-6.
1323 3154 1612 3217 Α’ραιράθης
1639 3153 1748 3221 ‚hoc
1781 3154 1981 3217 regium
2025 3168 2212 3205 nomen

441 3227 505 3279 89
570 3222 712 3269 Venit
733 3223 987 3273 Comana.)
1010 3219 1085 3267 De
1107 3218 1261 3269 utris·
1322 3221 1559 3269 scribitur
1583 3256 1598 3279 ,
1657 3219 1708 3267 in
1754 3218 1975 3267 summis
2024 3219 2216 3267 EAZI-

370 3296 471 3343 que
498 3282 733 3334 Comanis
761 3295 911 3341 supra
946 3282 1013 3329 ad
1040 3295 1150 3341 cap.
1174 3293 1258 3330 11.
1321 3283 1528 3341 Ass‘ng
1549 3280 1938 3339 ΑΡΙΑΒΑΘΟΥ.
1961 3286 2213 3334 Necessa-

370 3353 492 3392 κει.
532 3358 623 3404 34.
667 3356 956 3393 extremum
1004 3344 1248 3395 diximus·
1317 3346 1402 3411 ⁸ria
1435 3358 1556 3411 ergo
1579 3353 1653 3394 est
1674 3342 1938 3407 aspiratio.
