2459 3834
472 46 629 147 384
744 73 761 90 ’
1082 67 1187 122 ns
1237 67 1484 124 ΒΕ-ιιο
1539 71 1776 127 civim

464 153 595 226 gius
624 143 1101 222 progrediendum
1123 190 1141 218 ‚
1170 151 1542 208 existimabat
1585 152 1796 211 Caesar.
1838 155 2038 232 ltaque
2064 171 2140 217 eo
2177 160 2302 219 Fu·-

461 229 603 286 fium
642 226 917 284 Calenum
952 228 1113 284 misit
1133 270 1154 302 ,
1198 245 1260 286 et
1319 229 1395 304 Q.
1427 230 1696 290 Sabinum
1716 275 1737 307 ,
1783 248 1848 292 et
1885 235 2143 296 Cassium
2175 255 2306 298 curn

462 308 799 368 cohortibus
838 305 1117 384 adjungit.
1164 309 1424 384 Quorum
1455 316 1690 388 cognito
1721 317 1968 374 adventu
1991 359 2011 389 ,
2053 320 2310 379 Rutilius

460 389 677 464 Lupus,
704 389 803 462 qui
852 388 1131 463 Achajam
1163 392 1368 446 missus
1389 409 1424 446 a
1455 392 1728 469 Pompejo
1767 395 2096 471 obtinebat,
2137 401 2310 458 Isth·-

460 487 618 530 mum
652 470 989 542 praemunire
1028 470 1285 528 instituit
1306 511 1326 542 ‚
1356 483 1420 526 ut
1449 471 1669 548 Achaja
1697 474 1920 532 Fufium
1951 480 2306 550 prohiberet.

460 549 711 606 Calenus
756 548 1058 622 Delphos,
1098 549 1370 622 Thebas,
1411 547 1838 610 Orchomenum
1905 562 2202 618 voluntate
2243 563 2310 618 i·-

375 678 384 686 .
456 633 686 703 psai-lum
718 629 1027 684 civitatum
1061 632 1313 703 recepit:
1337 636 1636 689 nonnullas
1657 651 1755 706 per
1787 634 1904 690 vim
1935 643 2308 714 expugnavit,

456 711 707 784 reliquas
746 710 1058 779 civitateS,
1102 711 1516 769 circummissis
1557 715 1941 788 legationibus
1963 757 1984 788 ,
2023 722 2304 777 amicitie

457 787 703 846 Caesaris
730 790 1047 845 conciliare
1078 789 1365 847 studebat.
1403 791 1468 846 In
1502 793 1592 848 his
1613 795 1778 850 rebus
1808 795 1930 852 fere
1953 795 2082 853 ern‘t
2101 799 2296 858 Fufius

341 897 421 971 5⁶
458 883 783 942 occupatus.
846 866 1129 926 Omnibus
1170 872 1436 943 deinceps
1487 873 1687 930 diebus
1737 873 1928 931 Caesar
1975 881 2304 938 exercitum
2374 907 2381 910 ·

401 968 405 979 ·
453 951 513 1008 in
557 953 743 1012 aciem
772 967 987 1024 aequum
1020 952 1078 1005 in
1122 955 1310 1008 locum
1341 952 1610 1024 produxit
1633 993 1652 1026 ,
1683 956 1732 1010 si
1767 955 2068 1031 pompejus
2103 962 2302 1032 praelio

451 1033 765 1098 decertare·
784 1033 959 1086 vellet
980 1069 1001 1100 ,
1034 1043 1097 1085 ut
1146 1049 1287 1104 pene
1316 1033 1524 1088 castris
1567 1032 1819 1110 Pompeji
1863 1038 2118 1110 legiones
2148 1041 2293 1098 sub-

445 1110 689 1186 jiceret:
725 1123 1059 1184 tantumque
1096 1128 1128 1166 a
1162 1115 1314 1168 vallo
1343 1111 1462 1186 ejus
1503 1114 1688 1186 prima
1733 1117 1888 1171 acies
1935 1116 2140 1174 aberat
2163 1160 2182 1190 ‚
2209 1122 2302 1178 uti

452 1211 528 1248 ne
556 1193 618 1248 in
646 1209 774 1248 eam
808 1194 983 1247 telum
1005 1229 1025 1262 ,
1070 1202 1498 1248 tormentumve
1536 1194 1712 1267 adjici
1757 1209 1966 1268 posset.
1999 1197 2302 1275 Pompejus

452 1281 645 1329 autem
672 1311 691 1344 ,
734 1283 797 1328 ut
828 1271 1039 1328 famam
1063 1285 1183 1342 ,set
1216 1272 1549 1344 opinionem
1582 1275 1876 1332 hominum
1909 1289 2136 1334 teneret
2156 1320 2174 1351 ,
2209 1282 2297 1336 sic

451 1371 561 1426 pro
589 1354 793 1410 castris
824 1351 1138 1412 exercitum
1164 1353 1577 1426 constituebat,
1607 1357 1880 1412 ut⁸tertia
1901 1359 2055 1416 acies
2079 1361 2289 1418 vallum

451 1435 819 1509 contingeret
838 1473 860 1506 ,
890 1432 1184 1508 omnisque
1213 1432 1331 1506 eJ'us
1383 1433 1694 1490 instructus
1735 1438 2024 1494 exercitus
2067 1440 2202 1496 telis
2222 1438 2302 1498 ex

454 1517 611 1572 vallo
638 1513 865 1587 injectis
908 1514 1131 1587 protegi
1182 1523 1392 1586 posset.
1436 1513 1574 1569 Haec
1605 1531 1733 1570 cum
1765 1516 1825 1571 in
1856 1514 2100 1592 Achaja‚
2129 1532 2304 1594 atque

340 1561 416 1624 ⁵⁷
454 1595 604 1670 apud
654 1592 1051 1667 Dyrrachium
1090 1605 1467 1669 gererentur,
1520 1591 1962 1669 Scipionemque
1989 1600 2044 1652 in
2093 1598 2300 1655 Mace-

334 1665 349 1676 “
454 1674 689 1738 doniam
722 1675 943 1730 venisse
974 1685 1309 1744 constaret,
1361 1689 1474 1729 non
1511 1673 1726 1731 oblitus
1773 1677 1996 1748 pristini
2034 1677 2304 1742 instituti

450 1753 645 1832 Caesar
664 1794 685 1827 ,
713 1754 902 1811 mittit
926 1753 1003 1810 ad
1032 1770 1163 1808 eum
1196 1750 1499 1824 Clodium,
1527 1770 1687 1810 snum
1711 1794 1730 1824 ,
1779 1769 1947 1830 atque
1985 1756 2136 1813 illius
2189 1758 2300 1814 fa-

450 1835 739 1893 miliarem
762 1874 783 1907 ,
830 1849 997 1909 quem
1026 1832 1099 1888 ab
1128 1833 1254 1888 *illo
1301 1834 1581 1890 traditum
1613 1834 1788 1890 initio
1811 1874 1831 1908 ,
1880 1849 1941 1892 et
1989 1853 2304 1894 commen-

448 1914 647 1970 datum
702 1915 763 1969 in
812 1929 1041 1971 suorum
1092 1914 1541 1970 necessariorum
1596 1931 1832 1979 nurnero
1866 1915 2072 1973 labere
2119 1918 2304 1976 insti-

448 2005 661 2054 tuerat.
694 1993 849 2052 Huic
899 1994 1003 2050 dat
1042 1993 1245 2049 literas
1268 2033 1287 2066 ,
1317 1995 1698 2070 mandataque
1727 1996 1801 2051 ad
1834 2012 1964 2052 eum
1986 2038 2005 2068 ,
2055 2016 2299 2076 quorum

446 2075 699 2133 haec⁹era
728 2091 986 2134 summa:
1026 2073 1079 2113 ·“
1099 2071 1236 2128 Sese
1265 2074 1461 2130 omnia
1490 2074 1563 2130 de
1594 2091 1732 2148 pace
1759 2091 2060 2150 expertum
2084 2119 2105 2150 ,
2139 2080 2290 2138 nihil

447 2157 641 2216 adhuc
672 2157 947 2214 arbitrari
978 2153 1195 2210 factum
1226 2155 1379 2210 vitio
1410 2171 1607 2211 eorum
1636 2173 1653 2212 ε
1701 2173 1843 2232 quos
1872 2174 2000 2215 esse
2027 2173 2296 2217 auctores

446 2238 567 2314 ejus
614 2240 700 2296 rei
752 2238 1025 2296 voluisset
1046 2275 1069 2307 ‚
1118 2234 1270 2310 quod
1301 2251 1401 2291 sua
1453 2235 1724 2298 mandata
1757 2237 2010 2311 perferre
2043 2256 2154 2296 non
2185 2258 2302 2314 op·-

445 2333 697 2392 portuno
728 2332 990 2393 tempore
1040 2316 1113 2372 ad
1143 2314 1477 2390 Pompeium
1529 2331 1910 2391 vererentur3
1961 2317 2296 2392 Scipionem

369 2412 377 2417 ·
444 2417 516 2456 ea
544 2402 899 2458 auctoritate
928 2413 1051 2456 esse
1072 2435 1093 2467 ‚
1121 2409 1187 2452 ut
1216 2412 1330 2452 non
1359 2399 1541 2453 solnm
1570 2397 1754 2454 libere
1773 2437 1795 2474 ‚
1821 2415 1944 2472 qnae
1977 2399 2298 2473 probasset,

444 2497 731 2557 exponere
753 2521 774 2553 ,
808 2479 910 2536 sed
940 2478 1119 2535 etiam
1148 2493 1221 2532 ex
1251 2493 1460 2551 magna
1493 2490 1658 2550 parte
1686 2481 2032 2551 compellere
2052 2519 2073 2551 ,
2115 2493 2294 2554 atque

444 2575 737 2620 errantem
767 2576 969 2635 regere
1000 2569 1231 2630 posset:
1269 2571 1616 2632 pre-esseque
1645 2574 1746 2614 suo
1795 2559 2026 2614 nomine
2055 2562 2300 2618 exerci-

443 2639 534 2701 tui
550 2686 569 2718 ,
600 2656 660 2700 et
690 2653 896 2715 praeter
926 2637 1341 2695 auctoritatem
1372 2638 1528 2692 vires
1555 2653 1778 2712 quoque
1807 2639 1883 2693 ad
1911 2640 2294 2697 coercendum

440 2725 726 2784 haberet:
768 2719 921 2797 quod
950 2719 1002 2775 si
1040 2715 1274 2772 fecisset
1295 2756 1316 2787 ,
1357 2717 1610 2789 quietem
1641 2717 1822 2773 ltaliae
1843 2755 1862 2788 ‚
1911 2735 2111 2791 pacem
2143 2737 2296 2792 pto-

443 2808 766 2867 vineiarum
790 2841 812 2874 ,
852 2801 1097 2856 salutem
1120 2796 1354 2869 imperii
1387 2797 1484 2852 uni
1514 2813 1712 2854 omnes
1739 2811 2034 2870 acceptam
2067 2802 2300 2856 relatu·-

440 2907 557 2949 τος,
578 2930 620 2963 ‚,
682 2883 819 2940 Haec
845 2881 925 2937 ad
974 2893 1107 2936 eum
1147 2877 1420 2932 mandata
1457 2873 1697 2934 Clodius
1725 2875 1947 2949 refert,
1985 2895 2055 2934 ac
2087 2880 2294 2952 primis

440 2971 640 3030 diebus
660 3010 682 3043 ,
709 2976 775 3020 ut
807 2960 1147 3027 videbatur,
1176 2957 1429 3015 libenter
1457 2957 1708 3027 auditus,
1742 2958 1974 3032 reliquis
2004 2959 2078 3013 ad
2107 2958 2296 3018 eollo-

374 3081 383 3090 ·
436 3055 635 3130 quium
686 3061 801 3100 non
816 3037 1198 3097 *dmin-itur.
1249 3035 1558 3111 Castigato
1609 3035 1880 3109 Scipione
1927 3054 1966 3094 a
2007 3038 2296 3110 Favonio,

436 3147 505 3191 ut
560 3140 759 3207 postea
788 3121 1059 3179 confecto
1110 3116 1266 3174 beno
1315 3116 1736 3189 reperiebamus
1761 3157 1780 3186 ,
1831 3115 2158 3192 infectaque
2207 3137 2294 3190 re,

353 3188 363 3196 ⁸
437 3229 563 3270 sese
612 3209 689 3266 ad
738 3200 1024 3260 caesarem
1076 3199 1321 3269 recepit.
1373 3194 1566 3256 Caesar
1589 3236 1608 3268 ,
1637 3213 1749 3271 qno
1780 3196 2002 3258 facilius
2051 3199 2292 3273 equita-

314 3240 393 3319 3⁸
441 3307 567 3350 mm
613 3281 1027 3357 Pompeianum
1074 3277 1153 3334 ad
1195 3277 1602 3351 Dyrrachium
1627 3277 1982 3350 contineret
2000 3312 2024 3351 ,
2079 3292 2146 3336 et
2175 3294 2294 3354 pa·-
