2459 3834
433 93 590 190 584
989 111 1065 167 e.
1122 110 1330 182 Jumt
1392 110 1727 165 casatus

425 195 733 272 gnovisset
752 211 768 253 z
790 192 974 269 deque
993 207 1065 250 eo
1089 193 1493 251 vehementius
1522 207 1651 250 erat
1670 191 1973 267 scriptum.
2004 190 2126 250 Ex
2160 191 2323 253 Cic.

431 277 516 336 ad
541 277 753 336 Λαὶς.
783 273 922 333 libr.
961 287 1058 330 ιι.
1119 292 1129 303 ·

505 433 623 494 Ex
667 431 908 492 LIBRO
942 433 1519 493 EPISTOLARUM
1558 433 1677 494 AD
1718 431 2207 492 SERVILIUM.

550 515 614 571 P.
659 515 945 573 Servilius
995 527 1162 590 pater
1191 531 1265 572 ex
1314 517 1506 574 literis
1529 554 1550 588 ,
1598 532 1741 591 quas
1786 516 1903 572 sibi
1960 533 1997 571 a
2044 511 2315 574 Caesare

423 596 631 654 missas
659 613 784 654 esse
811 589 1042 654 dicebat
1065 637 1086 670 ‚
1127 595 1423 672 significat
1465 597 1636 652 valde
1673 613 1735 652 se
1772 596 1887 652 sibi
1915 607 2155 670 gratum
2190 596 2313 652 fe—

429 677 580 732 cisse
608 716 629 749 ,
679 675 830 750 quod
870 679 943 733 de
981 695 1088 735 sua
1126 681 1430 735 voluntate
1468 693 1606 752 erga
1650 676 1941 734 Caesarem
1970 677 2307 732 humanis-

429 757 608 829 sime,
637 758 1198 832 diligentissimeque
1227 762 1449 815 locutus
1491 775 1665 815 esses.
1696 755 1806 814 Ex
1826 753 2020 815 Cicer.
2048 755 2196 815 libr.
2222 775 2299 832 3.

421 835 602 910 epist.
633 848 704 896 ae
736 835 1062 917 ,Quinctium
1113 837 1393 898 Fratrem
1433 839 1614 912 epist.
1652 852 1705 894 ι.

633 988 748 1054 DE
821 995 894 1056 C.
963 997 1172 1072 JULlI
1239 995 1595 1056 CAESARIS
1666 993 2069 1056 EPISTOLIS

1094 1077 1621 1136 TESTIMONIA.

543 1156 820 1232 Epistolae
869 1174 1094 1234 quoque
1135 1159 1255 1234 ejus
1278 1161 1352 1216 ad
1381 1157 1655 1216 Senatum
1680 1169 1887 1216 extant
1917 1175 1934 1216 ε
1960 1174 2101 1234 quas
2136 1157 2295 1232 pri-

429 1251 556 1294 mus
597 1239 828 1296 videtur
861 1241 936 1295 ad
969 1241 1210 1315 paginas
1238 1281 1259 1312 ‚
1288 1254 1352 1297 et
1378 1239 1625 1297 formam
1656 1238 2049 1296 memorabilis
2076 1237 2295 1296 libelli

429 1320 838 1376 convertisse:
889 1337 1020 1376 cum
1083 1333 1257 1376 antea
1301 1318 1579 1377 Consules
1607 1360 1630 1395 ‚
1686 1332 1751 1376 et
1796 1319 1993 1376 Duces
2032 1318 2287 1376 nonnisi

425 1407 756 1456 transversa
789 1396 996 1457 chal-‘ta
1021 1401 1326 1457 mitterent
1354 1401 1621 1473 scriptas.
1655 1399 1875 1456 Extant
1898 1409 1961 1456 et
1986 1399 2065 1455 ad
2087 1396 2287 1456 Cice-

429 1493 678 1552 ronem3
722 1480 865 1536 item
919 1479 993 1538 ad
1051 1479 1394 1537 Familiares
1436 1477 1776 1547 domesticis
1823 1479 1897 1536 de
1944 1477 2161 1551 rebus,
2206 1479 2285 1536 in

425 1559 631 1629 quibus
679 1559 728 1616 si
789 1577 898 1636 qua
941 1563 1232 1619 occultius
1284 1558 1627 1635 perferenda
1689 1571 1856 1617 erant
1879 1599 1900 1632 ,
1942 1577 2047 1634 per
2092 1572 2285 1617 notus

423 1639 664 1712 scripsit
683 1679 703 1711 ,
750 1639 811 1696 id
843 1654 934 1698 est
953 1683 972 1714 ,
1003 1643 1092 1700 sic
1131 1655 1356 1700 structo
1386 1643 1689 1698 literarum
1730 1641 1935 1700 ordine
1954 1674 1977 1713 -,
2007 1651 2074 1696 ut
2124 1642 2283 1696 nul-

423 1717 542 1772 lum
576 1720 812 1776 verbum
860 1721 1018 1780 effici
1069 1737 1264 1798 posset
1292 1744 1315 1796 3
1342 1739 1463 1798 quae
1506 1721 1559 1778 si
1600 1721 1729 1795 quis
1770 1715 2129 1794 investigare
2153 1757 2181 1790 ‚
2204 1733 2277 1777 et

424 1801 692 1874 persequi
733 1803 908 1858 vellet
935 1843 956 1876 ,
984 1816 1251 1878 quartam
1281 1803 1703 1860 elementorum
1746 1799 1984 1856 literam
2004 1838 2024 1870 ,
2054 1798 2117 1854 id
2148 1811 2274 1873 est,

423 1871 482 1931 Ο
525 1897 626 1949 pro
651 1879 704 1934 A
725 1918 745 1950 ,
773 1893 835 1936 et
863 1883 1102 1954 perinde
1127 1885 1377 1956 reliquas
1404 1891 1741 1940 commutet.
1783 1879 1895 1938 Ex
1920 1878 2273 1964 Suetonffn

425 1956 575 2012 ιω.
613 1959 845 2014 Harum
887 1963 1101 2018 mentio
1123 1963 1283 2034 apud
1314 1960 1505 2020 Cicer.
1538 1963 1601 2017 in
1642 1961 1819 2034 epist.
1864 1977 1959 2015 ιι.
1984 1957 2121 2016 libr.
2161 1963 2269 2018 16.

421 2035 505 2090 ad
529 2035 748 2094 Famil.
771 2034 1028 2096 Omnino
1054 2052 1115 2095 et
1143 2043 1270 2114 ipse
1290 2039 1503 2112 Caesar,
1530 2043 1750 2098 amicus
1775 2051 1973 2098 noster
1998 2041 2269 2098 minaces

421 2115 494 2170 ad
521 2113 796 2174 Senatum
816 2157 838 2192 ,
863 2131 924 2174 et
954 2121 1192 2181 acerbas
1229 2122 1431 2178 literas
1468 2123 1712 2178 miserat
1735 2161 1753 2193 ,
1776 2135 1891 2177 etc.

543 2195 807 2255 Scribere
836 2239 858 2271 ‚
900 2213 957 2257 et
1001 2205 1194 2278 legere
1234 2202 1432 2274 simul,
1457 2203 1685 2258 dictare
1710 2241 1731 2273 ‚
1778 2213 1841 2257 et
1885 2201 2087 2258 audire
2110 2195 2265 2260 soli-

418 2286 544 2332 tum
576 2279 899 2352 accepimus
929 2298 948 2339 3
987 2283 1267 2354 epistolas
1296 2299 1433 2340 vero
1462 2295 1757 2338 tantarum
1784 2291 1974 2338 rerum
2004 2294 2264 2356 quater—

415 2371 520 2410 nas
565 2359 784 2430 pariter
842 2361 1100 2418 librariis
1127 2363 1353 2418 dictare
1382 2401 1403 2434 ,
1432 2375 1531 2418 aut
1565 2364 1618 2418 si
1660 2363 1813 2420 nihil
1856 2375 2101 2438 ageret,
2148 2379 2256 2420 se-

415 2447 646 2508 ptenas.
687 2438 797 2494 Ex
835 2439 994 2495 Plin.
1025 2439 1071 2497 1.
1107 2459 1164 2517 7.
1185 2459 1238 2496 c.
1276 2459 1369 2518 ¹5·

540 2516 623 2564 E’v
659 2519 840 2576 ἐκείνῃ
863 2517 914 2564 δὲ
949 2522 1021 2578 τῇ
1048 2523 1285 2582 &pavete
1310 2518 1719 2583 προσεξήσκησεν
1756 2521 2129 2581 ἱππαζομενος
2148 2523 2261 2584 *τὰς

411 2576 674 2638 ἐπιςολὰς
709 2577 1056 2642 ς’παγορύειν
1087 2618 1104 2642 ,
1133 2588 1220 2631 καὶ
1249 2587 1385 2634 auctr
1432 2585 1845 2646 όμουγράφουσνν
1882 2583 2147 2646 ἐξαρκεῖν.
2181 2587 2251 2646 ὠς

313 2667 322 2683 ι
413 2637 466 2685 δὲ
488 2641 545 2691 0’
571 2658 736 2700 ππιος
766 2647 884 2702 φησι
906 2680 919 2703 ,
945 2649 1034 2694 καὶ
1067 2645 1348 2695 πλείοσίν.
1380 2645 1623 2708 λέγεται
1654 2648 1703 2694 δὲ
1732 2653 1821 2697 καὶ
1846 2663 1908 2697 το
1950 2649 2041 2696 mdc
2064 2662 2245 2707 γραμ-

407 2707 596 2761 μάτων
632 2709 753 2764 τοῖς
801 2703 983 2768 φίλοις
1037 2707 1268 2770 ὁμιλεῖν.
1311 2712 1547 2771 Καίσαρα
1578 2713 1799 2772 πρῶτον
1839 2710 2250 2772 μηχανήσασθαι.

409 2771 494 2815 Ea·
515 2774 655 2816 Plut.
692 2773 740 2816 in
769 2776 891 2818 σιω.

597 2911 711 2966 EX
777 2910 1202 2974 ORATlONE
1255 2910 1347 2974 IN
1388 2917 1721 2976 FUNERE
1761 2912 2036 2992 JULIAE.

517 2989 783 3064 Quaestor
834 2993 873 3066 J
879 2998 1051 3052 uliam
1105 3000 1345 3054 amitam
1366 3039 1388 3070 ,
1444 3017 1679 3056 uxorem
1726 3001 2063 3058 Corneliam
2116 2999 2229 3057 de·-

397 3071 622 3128 functas
649 3073 912 3130 laudavit
941 3094 976 3132 e
1013 3095 1172 3134 more
1207 3095 1309 3150 pro
1342 3081 1545 3138 rostris
1576 3101 1600 3153 3
1628 3083 1727 3137 sed
1772 3083 1835 3137 in
1862 3082 2057 3138 amitae
2084 3083 2241 3154 qui-

397 3149 529 3206 dem
577 3154 906 3210 laudatione
927 3195 948 3227 ,
991 3157 1063 3212 de
1093 3159 1209 3233 ejus
1230 3201 1253 3231 ‚
1290 3175 1359 3215 ac
1412 3160 1596 3234 patris
1624 3163 1711 3217 sui
1752 3162 1983 3236 origine
2008 3161 2097 3216 sic
2128 3179 2231 3218 re·-

395 3229 550 3285 fert:
599 3233 816 3289 Amitae
865 3251 1002 3292 meae
1050 3239 1218 3308 juliae
1266 3253 1589 3296 maternum
1640 3259 1815 3315 genus
1872 3241 1947 3297 ab
1994 3239 2223 3314 regibus

391 3320 586 3364 ortum
608 3349 629 3384 ,
681 3326 982 3385 paternum
1037 3335 1168 3376 cum
1217 3321 1333 3378 diis
1380 3321 1809 3380 immortalibus
1857 3320 2217 3398 conjunctum
