2459 3834
62 17 176 42 ”““““-““,
176 17 344 36 -””““.““““

1012 20 1018 41 Ι

732 94 908 150 nn.
967 95 1042 151 A.
1093 93 1389 169 ‘Hm-ru.
1826 93 1979 176 543·

115 181 273 242 idem
306 177 530 256 tempus
579 175 710 236 Sex.
766 178 1070 253 Pompejus
1130 176 1361 250 frater-²,
1414 170 1675 249 quicum
1707 177 1977 248 praesidio

117 263 449 322 Cordubam
522 260 756 316 tenebat
781 299 800 330 ‚
851 260 1002 334 quod
1056 255 1174 332 ejus
1244 255 1559 330 provinciae
1617 267 1792 327 caput
1852 275 1978 315 esse

117 344 578 400 existimabatur.
645 339 774 413 Ipse
822 353 1020 396 autem
1071 335 1184 394 Cn.
1218 334 1523 410 Pompejus
1576 335 1912 394 adolescens
1942 339 1971 384 ²

115 423 328 480 Uliam·
349 422 626 497 oppidum
655 421 1026 496 oppugnabat
1056 457 1074 490 ,
1126 431 1186 473 et
1217 417 1342 474 fere
1391 416 1505 491 jam
1558 417 1782 490 aliquot
1813 434 1978 474 men-

119 505 274 560 sibus
307 505 389 558 ibi
423 500 794 557 detinebatur
824 517 838 557 :
883 499 1035 576 quod
1067 501 1139 555 eil
1170 498 1385 571 oppido
1413 535 1432 568 ,
1462 498 1701 570 cognito
1726 495 1976 557 Caesaris

118 585 370 640 adventu
394 624 412 654 ,
463 581 642 656 legati
694 583 845 635 clam
899 579 1164 654 praesidio
1193 577 1303 634 Cn.
1335 577 1595 650 Pompeji
1618 617 1637 648 ,
1684 575 1973 636 Caesarem

115 679 247 720 cnm
279 663 537 719 adissent
561 701 582 734 ,
633 672 834 734 petere
874 671 1217 735 coeperunt‘,
1262 669 1325 714 ut
1358 657 1469 713 sibi
1528 657 1715 729 primo
1742 675 1973 734 quoque

115 755 386 816 tempore
437 741 756 798 subsidium
805 741 1094 796 mitteret.
1147 736 1341 794 Caesar
1372 753 1499 793 eam
1551 737 1853 794 civitatem
1902 760 1972 798 0-

115 825 242 879 mni
277 836 540 895 tempore
569 822 790 895 optime
821 823 894 877 de
925 819 1067 894 Pop.
1101 819 1273 876 Rom.
1306 817 1573 873 meritam
1608 834 1729 874 esse
1758 821 1966 896 sciens,
2051 826 2055 830 '

117 921 202 959 κε.
256 901 528 958 cohortes
577 902 822 958 secunda
867 901 1076 976 vigilia
1124 899 1284 975 jubet
1338 895 1629 972 proficisci
1653 937 1673 970 ,
1730 902 1969 976 parique

116 983 344 1057 equites
377 998 653 1055 numero,
695 983 898 1056 quibus
939 981 1198 1055 praefecit
1231 979 1527 1036 hominem
1570 975 1684 1052 ejus
1718 983 1965 1050 provin-

115 1064 224 1117 eiae
257 1074 454 1118 notum
475 1102 494 1135 ,
545 1074 606 1118 et
658 1079 775 1118 non
807 1079 1009 1134 parum
1041 1061 1320 1117 scientem
1344 1098 1364 1131 ,
1416 1054 1441 1096 3
1475 1058 1543 1114 L.
1590 1057 1809 1130 Julium
1852 1060 1969 1119 Pa·-

109 1143 378 1200 ciec-um:
411 1143 509 1216 qui
541 1159 670 1198 cum
703 1142 775 1198 ad
805 1139 916 1198 Cn.
948 1140 1208 1216 Pompeji
1242 1138 1507 1214 praesidia
1536 1140 1789 1196 venisset
1808 1181 1829 1214 ,
1860 1142 1971 1198 in-

113 1224 266 1278 cidit
298 1223 452 1278 idem
487 1222 764 1295 temporis
786 1262 806 1295 ,
845 1235 908 1280 ut
940 1222 1288 1295 tempestate
1318 1221 1557 1276 adversa
1577 1259 1597 1292 ,
1637 1219 1963 1280 vehemen-

112 1303 282 1377 tique
311 1315 488 1358 ventu
519 1301 924 1359 afflictaretur.
956 1300 1084 1376 Qua
1125 1303 1186 1357 vi
1229 1301 1593 1373 tempestatis
1640 1300 1725 1356 ita
1754 1302 1961 1361 obscu-

113 1384 358 1440 rabatur
378 1421 399 1454 ,
435 1394 508 1438 ‘ut
547 1383 649 1438 vix
679 1384 1001 1457 proximum
1033 1397 1376 1458 cognoscere
1408 1391 1618 1454 posset.
1650 1378 1822 1455 Cujus
1852 1385 1960 1446 in·-

40 1467 41 1502 ῑ
113 1463 487 1519 commodum
518 1479 798 1520 summam
829 1463 1148 1519 utilitatem
1192 1462 1337 1536 ipsis
1372 1460 1675 1534 praebebat.
1706 1459 1797 1518 lta
1827 1479 1958 1523 cum

40 1559 41 1580 ³
113 1542 191 1598 ad
223 1546 412 1600 locum
443 1555 722 1600 venerunt
747 1583 766 1616 ,
792 1543 950 1619 jubet
979 1543 1148 1600 binos
1176 1543 1399 1617 equites
1416 1541 1695 1598 'incedere
1714 1581 1735 1615 ‚
1764 1554 1824 1615 et
1845 1561 1959 1601 re·-

110 1635 215 1678 cta
248 1641 348 1697 per
379 1623 838 1680 adversariorum
873 1623 1136 1698 praesidia
1177 1623 1250 1678 ad
1282 1623 1557 1697 oppidum
1586 1623 1954 1684 contenderet

40 1733 42 1738 ·
110 1703 438 1778 mediisque
467 1704 852 1778 ex'praesidiis
881 1721 1012 1760 cum
1042 1716 1427 1779 quaereretur,
1456 1705 1497 1737 “·
1508 1701 1607 1776 qui
1637 1715 1858 1776 essent,
1887 1724 1955 1762 u·-

39 1791 42 1824 1
109 1801 222 1841 nus
251 1801 328 1841 ex
357 1783 576 1840 nostris
604 1784 908 1858 respondit
928 1824 949 1858 ‚
988 1797 1054 1840 ut
1083 1785 1255 1841 sileat
1285 1783 1523 1844 verbum
1553 1782 1785 1842 facere:
1816 1802 1951 1844 nam

103 1863 172 1919 id
209 1864 487 1938 temporis
515 1864 714 1921 conati
745 1866 816 1920 ad
847 1881 1072 1920 murum
1096 1863 1373 1922 accedere
1394 1903 1413 1936 ‚
1444 1876 1507 1920 ut
1536 1863 1809 1937 oppidum
1840 1883 1950 1923 ca·-

40 1981 41 1986 κ
103 1943 315 2017 piant3
345 1955 458 2014 „et
490 1945 706 2017 partim
737 1958 1084 2018 tempestate
1113 1945 1385 2019 impediti
1414 1945 1621 2020 vigiles
1650 1961 1765 2002 non
1795 1960 1951 2019 pote·

40 2035 42 2068 ῑ
104 2035 247 2080 rant
274 2015 640 2099 diligentiam
669 2038 942 2100 praestare
965 2065 986 2098 ,
1019 2027 1234 2098 partim
1256 2025 1359 2082 illo
1389 2041 1663 2100 responso
1690 2024 1949 2084 deterre-

106 2103 338 2160 bantur.
369 2103 634 2162 eumad
667 2119 894 2179 portam
933 2106 1488 2180 appropinquassent
1512 2145 1532 2178 ,
1574 2106 1737 2180 signo
1781 2106 1940 2183 dato,

100 2183 182 2239 ab
211 2184 516 2258 oppidanis
541 2197 673 2242 sunt
702 2187 954 2260 recepti:
987 2199 1046 2241 et
1080 2187 1326 2261 pediteS,
1354 2187 1689 2260 equitesque
1716 2187 1948 2245 clamo—
1972 2252 1983 2265 β

88 2280 165 2319 re
194 2263 372 2335 facto,
393 2263 690 2339 dispositis
715 2266 800 2323 ibi
825 2265 1060 2340 partim,
1079 2268 1178 2342 qui
1195 2282 1554 2338 remansere,
1582 2265 1947 2344 eruptionem

88 2343 164 2399 in
196 2343 658 2400 adversariorum
681 2358 872 2402 castra
900 2346 1182 2418 fecerunt.
1224 2343 1324 2401 Sic
1354 2345 1655 2406 illud,cum
1678 2345 1944 2406 inscien-

87 2422 257 2480 tibus
284 2421 595 2480 accidisset
617 2444 639 2496 ς
679 2425 1051 2482 existimabat
1081 2443 1290 2501 magna
1318 2442 1451 2499 pars
1478 2426 1773 2484 hominum
1794 2467 1816 2501 ‚
1842 2429 1943 2504 qui

85 2503 164 2560 in
195 2503 272 2559 iis
301 2505 508 2588 castris
535 2504 779 2574 fuissent
802 2547 823 2580 ‚
854 2523 914 2562 se
945 2523 1126 2584 prope
1162 2519 1382 2582 captos.

166 2673 205 2722 7
269 2668 424 2713 Uliam
473 2667 716 2724 oppidum·
741 2673 988 2728 oppugna-

89 2728 232 2780 bat.)
247 2728 364 2776 Ulia
381 2742 484 2778 non
501 2733 679 2788 procul
701 2743 730 2778 a
753 2731 988 2780 Corduba

90 2791 156 2839 in
189 2791 465 2842 meridiem
487 2793 611 2841 sita:
639 2806 910 2854 perperam
935 2794 990 2841 in

92 2853 255 2903 libris
289 2857 401 2904 Ulla
423 2855 631 2917 scripta.
672 2861 731 2904 In
759 2858 985 2907 nummis

92 2915 247 2965 enim
285 2927 362 2967 est
385 2923 490 2968 Ulia
511 2954 526 2978 ‚
554 2928 606 2968 et
627 2928 774 2968 vetus
802 2921 992 2969 inscri-

91 2979 216 3040 ptio
249 2981 386 3041 apud
415 2985 563 3030 Grut.
605 2995 657 3044 p.
683 2995 804 3042 2⁷1·
841 2997 984 3049 enno

91 3055 258 3092 1111?-
283 3057 588 3096 emensum
611 3083 627 3108 ‚
654 3047 794 3108 quod
823 3048 986 3098 etiam

91 3106 174 3154 ad
191 3107 316 3154 Bell.
327 3111 480 3164 Alex·
495 3123 538 3159 c.
557 3114 640 3160 18.
661 3124 759 3159 sec.
785 3110 870 3160 61.
895 3112 986 3160 de·

90 3173 521 3222 monstravimus.

167 3233 197 3282 8
264 3237 323 3282 Ι..
343 3239 536 3295 Julium
559 3241 817 3289 Paci-ecum.
837 3238 861 3294 )
893 3239 992 3289 Vi-

1051 2667 1202 2716 detur
1224 2671 1457 2717 Patietur
1486 2682 1612 2730 esse,
1639 2668 1777 2730 cujus
1800 2673 1941 2733 apud

1052 2732 1158 2781 Cic.
1203 2731 1362 2781 Attic.
1409 2747 1514 2782 χιι.
1566 2734 1714 2794 epist.
1758 2743 1828 2783 11.
1860 2743 1939 2784 est

1053 2795 1288 2856 meutio3
1316 2803 1407 2844 aut
1434 2797 1559 2852 (nisi
1592 2798 1861 2860 utrobique
1884 2799 1937 2846 i·-
2019 2807 2022 2814 “

1053 2859 1174 2906 dem
1194 2866 1294 2911 est)
1312 2859 1375 2908 de
1396 2872 1497 2922 quo
1524 2859 1640 2907 libr.
1662 2875 1739 2910 vr.
1766 2861 1937 2910 famil.

1055 2922 1202 2982 epist.
1234 2935 1311 2970 w.
1340 2925 1403 2972 ad
1432 2929 1663 2983 Leptam:
1686 2930 1849 2972 Caesar
1869 2927 1935 2974 ad

1046 3003 1138 3034 vos
1168 2989 1304 3033 misit
1334 2993 1602 3045 exemplum
1629 2993 1837 3040 Pactaeci
1852 2993 1933 3037 ie·-

1048 3061 1282 3100 terarum.
1312 3051 1459 3110 Quod
1486 3049 1747 3112 Hispanici
1771 3066 1935 3113 gene-
1968 3079 1975 3086 ·

1051 3115 1122 3162 ris
1150 3125 1336 3162 nomen
1374 3121 1549 3163 exstat
1584 3117 1735 3174 apud.
1762 3119 1930 3177 Valet,

1052 3177 1363 3238 Maximum,
1400 3177 1518 3227 libr.
1547 3189 1599 3228 v.
1620 3192 1671 3239 4.
1696 3191 1745 3240 3.
