2459 3834
424 83 575 142 122
952 84 1057 138 DE
1106 82 1352 143 RELLO
1401 81 1738 139 ῦΑῙιῙᾸΟΟ

418 164 680 223 confinio
719 162 1103 223 Trevirorum
1149 164 1409 221 hiemare
1455 162 1661 238 jussit·
1695 166 1758 209 ²⁹
1801 174 1923 221 tres
1972 162 2034 219 in
2075 162 2310 241 Belgis

420 246 780 318 collocavit,
813 246 904 301 his
937 244 1022 301 Μ.
1055 242 1330 307 Crassum
1351 256 1736 319 quaestorem,
1765 244 1917 301 etL.
1941 243 2308 305 Munatium

421 324 733 399 Plancum,
774 338 835 398 et
864 323 951 381 C.-
967 324 1325 383 Trebonium
1353 330 1578 400 legatos
1621 324 1898 399 praefecit.
1929 324 2120 379 Unam
2177 330 2296 382 le—

420 408 655 483 gionem
678 434 699 475 ,·
724 421 897 479 quem
946 409 1208 479 proxime
1257 421 1415 463 trans
1445 404 1666 461 Padum
1706 406 2130 479 conscripserat
2155 445 2179 478 ,
2213 419 2298 465 et

419 489 695 544 cobortes
738 504 791 541 v.
823 488 885 543 in
916 486 1215 553 Eburones
1246 527 1267 560 ,
1305 502 1546 561 quorum
1579 501 1710 559 pars
1738 487 1990 543 maxima
2029 499 2116 541 est
2167 486 2294 541 in-

420 579 515 625 ter
544 566 815 638 Mosam,
846 580 907 623 et
955 567 1225 624 Rhenum
1249 606 1272 640 ,
1309 568 1411 640 qui
1463 567 1568 623 sub
1597 565 1848 639 imperio
1883 565 2298 657 Ambiorigis,

420 661 491 703 et
516 644 815 703 Cativulci
840 660 1045 718 erant,
1076 648 1268 703 misit:
1296 649 1386 703 bis
1415 646 1702 703 militibus
1732 645 1809 721 Q.
1837 645 2130 703 Titurium
2155 646 2298 703 Sa-

422 726 667 798 binum,
694 739 755 783 et
786 726 855 783 L.
886 716 1334 801 Aurunculeium
1365 726 1608 785 Cottam
1636 730 1862 804 legatos
1891 742 2129 800 praeesse
2155 725 2292 800 jus-

422 807 525 864 sit.
566 806 662 863 Ad
715 806 865 863 hunc
926 809 1161 865 modum
1198 807 1536 865 distributis
1583 808 1954 885 legionibus,
1995 806 2296 864 facillime

421 886 635 960 inopiae
666 886 1057 945 frumentariae
1078 906 1202 945 sese
1227 888 1447 943 mederi
1477 904 1640 961 posse
1667 886 2066 959 existimavit3
2097 898 2286 961 atque

424 966 643 1025 harum·
667 980 863 1025 tamen
912 969 1169 1027 omnium
1208 970 1505 1043 legionum
1550 968 1840 1033 hiberna(
1876 981 2081 1041 praeter
2121 984 2288 1041 eam,

424 1064 594 1122 quam
624 1047 699 1103 La
739 1048 954 1106 Roscio
987 1050 1046 1105 in
1076 1046 1548 1124 pacatissimam,
1575 1062 1636 1105 et
1679 1048 2098 1122 quietissimam
2130 1065 2289 1120 par-

426 1140 550 1184 tem
580 1127 897 1187 ducendam
920 1129 1201 1199 dederat)
1235 1128 1488 1185 millibus
1513 1144 1776 1202 passuum
1807 1146 1859 1183 c.
1889 1128 2291 1185 contineban-

426 1218 543 1264 tur.
575 1208 706 1282 Ipse
734 1209 963 1267 interea
984 1249 1005 1281 ,
1034 1211 1241 1293 quoad
1254 1209 1511 1282 legiones
1534 1211 1911 1280 collocasset,
1940 1208 2288 1285 munitaque

425 1287 676 1348 hiberna
702 1289 1121 1364 cognovisset,
1148 1289 1208 1348 in
1221 1274 1448 1347 Gallia
1487 1289 1706 1347 morari
1749 1288 2076 1345 constituit.

446 1470 451 1478 .
494 1442 563 1489 29
627 1436 747 1481 Tres
779 1434 827 1480 in
838 1437 1008 1492 Belgis
1036 1430 1328 1489 collocavit.)
1389 1448 1493 1481 nos.
1513 1430 1644 1480 vide
1665 1430 1799 1480 infra
1823 1426 2286 1493 cali.19.sect.46.

430 1494 669 1559 Belgium
698 1509 817 1555 pars
839 1504 917 1545 est
946 1497 1128 1545 Galliae
1150 1496 1328 1557 Belgi·
1389 1505 1446 1545 et
1465 1502 1692 1544 nostram
1718 1496 1882 1545 Notit.
1904 1495 2051 1547 Orbis
2072 1494 2282 1559 antiqui

431 1570 532 1615 eae,
560 1570 658 1607 non
680 1566 822 1607 tota:
842 1560 1208 1620 complectitur
1222 1565 1330 1607 Bel·
1390 1560 1464 1609 lib
1501 1570 1585 1610 11.
1607 1572 1721 1621 cap.
1749 1574 1802 1621 3.
1827 1569 1934 1609 ext.

432 1626 653 1683 tenuem,
674 1628 981 1673 Ater-enatos
1000 1658 1017 1684 ‚
1040 1634 1094 1673 et
1123 1627 1330 1673 Ambia-

976 1727 1390 1831 emor
1465 1765 1692 1825 x111.

434 1927 763 2005 Tasgetius
786 1927 908 1987 ab
882 1928 1141 1997 mimicis
1165 1925 1549 1999 interficitur.
1573 1925 1776 1987 Caesar
1795 1944 1862 1989 re
1880 1927 2122 2009 cognita
2141 1928 2282 1986 mit·-

434 2008 520 2063 tit
552 2010 613 2062 in
650 2007 943 2067 Carnutes
972 2010 1048 2069 1..
1075 2009 1356 2070 Plancum
1379 2028 1502 2066 cum
1535 2008 1798 2088 legione,
1822 2020 1883 2067 et
1906 2011 2192 2069 occisores
2205 2009 2290 2067 ad

436 2102 505 2145 se
534 2088 700 2143 mim·
724 2090 917 2158 jubet.
964 2090 1322 2160 Ambiorix,
1343 2100 1404 2146 et
1438 2087 1785 2148 Cativulcus
1837 2090 2149 2147 seditionis
2177 2109 2282 2145 au-

436 2178 633 2227 ctores
658 2167 1023 2242 dfferuntur.
1042 2170 1427 2249 Ambiorigis
1445 2168 1778 2246 colloquium
1808 2170 1888 2227 ad
1905 2170 1956 2229 C
1968 2168 2285 2243 carpine·

432 2248 604 2320 jam,
631 2260 693 2308 et
728 2248 817 2329 Q.
841 2250 1123 2325 Jum‘umz,
1146 2252 1211 2307 hi
1252 2250 1482 2328 legatis
1523 2258 1767 2306 narrant
1793 2251 2105 2327 ,quidquid
2127 2251 2286 2307 Am·

440 2328 637 2387 biorix
676 2331 859 2387 dixit.
906 2332 1133 2409 Legati
1163 2349 1285 2389 rem
1314 2332 1395 2388 ad
1429 2328 1731 2387 concilium
1761 2326 2091 2405 deferunt3
2129 2332 2287 2387 circa

480 2426 645 2485 quam
676 2428 797 2467 rem
822 2412 985 2469 inter
1014 2430 1206 2471 omnes
1237 2428 1448 2489 magna
1468 2412 1868 2469 controversia
1887 2411 2094 2467 oritur.
2121 2411 2248 2467 Au·

714 2490 1043 2566 macrobii,
1070 2502 1135 2551 et
1166 2491 1395 2551 Titurii
1427 2492 1727 2551 sententia
1749 2486 2025 2570 affertur.

320 2668 401 2735 ος
509 2582 775 2707 ‘Erat
758 2651 821 2707 in
849 2650 1205 2711 Carnutibus
1228 2668 1454 2709 summo
1482 2653 1612 2709 loco
1639 2664 1806 2709 natus
1825 2650 2158 2727 Tasgetius;
2185 2666 2283 2709 cu-

430 2731 521 2809 jus
562 2730 809 2808 majores
850 2732 913 2789 in
962 2750 1083 2799 sua
1112 2734 1361 2789 civitate
1411 2750 1649 2808 regnum
1693 2733 2087 2790 obtinuerant.
2138 2730 2286 2789 Huic

434 2810 631 2874 Caesar
651 2852 672 2885 ,
704 2830 807 2887 pro
837 2812 957 2887 ejus
990 2816 1250 2885 virtute,
1280 2827 1456 2886 atque
1480 2814 1540 2867 in
1582 2831 1642 2871 se
1671 2814 2111 2884 benevolentia,
2131 2812 2276 2886 quod

432 2892 499 2950 in
541 2894 805 2951 omnibus
844 2894 1015 2951 bellis
1042 2895 1324 2977 singulari
1343 2894 1460 2968 ejus
1487 2910 1666 2967 opera
1697 2893 1892 2949 fuerat
1909 2911 2068 2962 usus,
2093 2892 2282 2967 majo-

436 2990 569 3031 rum
610 2978 801 3032 locum
852 2976 1213 3033 restituerat.
1259 2973 1530 3030 Tertium
1569 2973 1684 3049 jam
1729 2974 1879 3029 hunc
1925 2977 2137 3029 an'num
2189 2988 2280 3029 re·

440 3069 718 3131 gnantem
754 3056 978 3112 inimici
1014 3059 1240 3129 palam,
1263 3055 1464 3111 multis
1492 3054 1674 3111 etiam
1703 3071 1772 3111 ex
1797 3055 2043 3111 clvitate
2071 3064 2280 3111 aucto-

438 3136 655 3205 ribus,
694 3136 1131 3192 interfecerunt.
1166 3128 1450 3191 Defertur
1480 3151 1548 3191 ea
1592 3152 1682 3191 res
1711 3135 1786 3189 ad
1826 3132 2132 3189 Caesarem.
2179 3134 2282 3189 Ille

440 3175 674 3270 veritu’s
701 3255 721 3286 ,
762 3218 912 3288 quod
954 3218 1024 3270 ad
1074 3220 1264 3287 plnres
1297 3232 1385 3269 res
1419 3216 1791 3287 pertinebat,
1827 3231 1896 3267 ne
1933 3214 2146 3268 civitas
2173 3228 2282 3267 eo-

456 3308 586 3349 rum
620 3294 865 3371 impulso
894 3292 1169 3353 deficeret
1190 3335 1213 3368 ‚
1243 3294 1316 3353 L.
1342 3292 1618 3379 Plancum
1659 3310 1788 3353 cum
1813 3292 2040 3371 legione
2059 3309 2132 3351 ex
2157 3290 2283 3351 Bel-
