2459 3834
746 70 1101 139 LIBER.
1187 72 1328 125 vn.
1395 104 1404 112 ·
1802 77 1952 153 191·

128 158 337 225 bellum
362 163 699 227 vocaretur-3
724 165 787 209 et
828 152 903 209 ad
943 152 1170 209 hostem
1202 150 1498 226 proficisci
1525 154 1951 233 constituisset,

126 242 255 299 sive
309 256 433 296 eum
478 255 548 293 ex
584 232 944 313 paludibus,
992 231 1271 307 silvisque
1319 232 1603 307 eliceret,
1651 236 1776 295 sive
1828 237 1950 293 ob-

135 322 351 377 sidione
392 332 646 393 premere
690 328 926 391 posset3
962 312 1145 389 legati
1187 314 1261 369 ad
1313 330 1442 369 eum
1493 313 1786 393 principes
1825 317 1952 376 AE-

135 403 361 473 duorum
391 399 661 468 veniunt,
692 406 918 451 oratum
938 392 961 467 3
1008 394 1126 449 “ut
1154 393 1403 450 maxime
1433 398 1776 473 necessario*
1797 410 1952 457 tem·-

137 497 273 555 pore
317 478 549 537 civitati
596 475 941 534 subveniat:
993 489 1215 531 summo
1241 491 1367 532 esse
1397 474 1460 529 in
1492 473 1748 549 periculo
1797 494 1950 554 rem;

132 560 297 635 quod,
339 575 465 617 cum
506 552 714 631 singuli
762 554 1135 631 magistratus
1164 554 1484 631 antiquitus
1513 557 1738 631 creari,
1775 572 1954 635 atque

135 638 727 717 regiampotestatem
752 650 965 691 annum
1007 634 1274 691 obtinere
1323 635 1790 711 consuevissent,
1835 640 1957 699 duo

132 719 525 795 magistratum
556 728 762 793 gerant
783 754 803 787 ,
830 727 893 771 et
930 731 991 769 se
1024 727 1260 789 uterque
1291 731 1488 771 eorum
1518 718 1740 791 legibus
1775 735 1956 777 crea-

136 812 259 869 tum
298 814 415 855 esse
454 798 631 853 dicat.
680 795 902 853 Horum
937 810 1063 851 esse
1102 798 1348 851 alterum
1389 790 1946 874 Convictolitunem,

135 877 425 951 florentem
442 917 464 950 ,
507 891 569 934 et
599 877 881 931 illustrem
909 875 1384 949 adolescentem5
1422 877 1668 935 alterum
1710 877 1954 954 Cotum,

136 958 521 1033 antiquissima
581 955 806 1013 familia
874 968 1071 1011 natum
1096 995 1118 1028 ,
1140 1018 1149 1023 ,
1174 967 1350 1030 atque
1419 956 1604 1030 ipsum
1657 959 1954 1019 bominem

136 1054 353 1097 summae
400 1036 715 1113 potentiae,
773 1049 835 1092 et
893 1052 1111 1111 magnae
1162 1035 1525 1111 cognationis
1546 1074 1568 1108 ,
1613 1037 1770 1113 cujus
1817 1038 1954 1097 fra·-

134 1131 219 1175 ter
258 1114 599 1178 Vedeliacus
632 1116 891 1190 proximo
918 1132 1069 1173 anno
1096 1116 1359 1173 eumdem
1390 1116 1790 1191 magistratum
1820 1135 1956 1194 ges-

130 1197 309 1273 serit;
354 1198 667 1255 civitatem
704 1212 932 1253 omnem
962 1212 1085 1255 esse
1123 1196 1185 1252 in
1224 1195 1444 1253 armis:
1488 1196 1740 1253 divisum
1785 1214 1954 1257 sena·

132 1291 246 1334 tum
266 1317 287 1349 ,
324 1278 579 1335 divisum
620 1278 922 1355 populum:
977 1292 1104 1333 suas
1152 1274 1416 1351 cujusque
1457 1292 1654 1345 eorum
1698 1278 1955 1339 cliente-

132 1359 228 1413 las.
258 1354 428 1433 Quod
466 1358 519 1417 si
560 1356 776 1413 diutius
815 1360 1003 1413 alatur
1035 1357 1435 1413 controversia
1453 1395 1480 1429 ‚
1504 1354 1630 1413 fore
1652 1396 1674 1429 ‚
1704 1359 1790 1415 uti
1817 1375 1954 1433 pure

134 1453 254 1495 cum
293 1440 559 1495 civitatis
612 1451 776 1511 parte
820 1434 1137 1511 confligat:
1189 1436 1253 1492 id
1300 1454 1374 1496 ne
1402 1436 1674 1509 accidat,
1704 1438 1963 1513 positum,

136 1516 193 1572 in
246 1515 363 1592 ejus
402 1512 759 1592 diligentia,
798 1529 970 1591 atque
1009 1518 1382 1573 auctoritate.
1394 1555 1438 1588 „
1483 1514 1675 1573 Caesar
1696 1558 1718 1591 ‚
1746 1518 1858 1575 etsi
1915 1534 1954 1577 ι
1993 1544 2072 1607 33

132 1594 275 1654 bello
294 1636 315 1671 ,
343 1612 518 1674 atque
551 1598 719 1673 hoste
757 1596 1099 1668 discedere,
1136 1596 1609 1653 detrimentosum
1637 1614 1757 1655 esse
1799 1598 1968 1656 exis-0

132 1677 419 1753 timabat5
462 1692 657 1735 tamen
702 1693 819 1735 non
870 1677 1103 1749 ignorat
1133 1715 1156 1748 ,
1196 1690 1410 1751 quanta
1459 1694 1531 1733 ex
1581 1678 1962 1735 dissensioni-

132 1754 230 1813 bus
276 1757 838 1815 incommodeoriri
887 1770 1301 1830 consuessent3
1349 1773 1422 1812 ne
1463 1769 1667 1829 tanta,
1713 1771 1776 1815 et
1827 1772 1962 1817 taur

132 1836 424 1911 conjunctu
474 1840 687 1910 populo
726 1836 989 1895 Romano
1039 1838 1293 1909 civitas,
1341 1852 1511 1912 quam
1563 1836 1684 1911 ipse
1728 1854 1953 1913 semper

133 1919 400 1987 aluisset,
449 1918 831 1991 omnibusque
876 1916 1044 1973 rebus
1094 1929 1399 1989 ornasset,
1440 1916 1513 1971 ad
1565 1918 1727 1987 vim,
1776 1933 1954 1993 atque

132 1998 205 2051 ad
242 2013 397 2053 arma
455 1998 847 2069 descendere,
895 2008 1069 2070 atque
1109 2014 1177 2053 ea
1227 2013 1358 2069 pars
1372 2036 1393 2069 ,
1437 2014 1555 2071 quae
1607 1998 1794 2061 minus
1835 1999 1952 2056 sibi

132 2076 493 2151 confideret,
548 2078 762 2135 auxilia
811 2076 1354 2153 aVercingetorige
1402 2089 1782 2151 accerseret,·
1819 2078 1959 2137 huic

134 2158 215 2213 rei
268 2158 725 2232 praevertendum
776 2157 1137 2229 existimavit
1164 2174 1192 2225 ,χ
1232 2170 1332 2229 et,
1381 2158 1534 2231 quod
1583 2158 1802 2233 legibus
1847 2158 1958 2217 AE«

134 2237 414 2310 duorum,
475 2240 594 2310 iis,
656 2238 755 2311 qui
808 2252 1089 2293 summum
1131 2237 1542 2312 magistratum
1601 2238 1960 2311 obtinerent,

132 2319 402 2393 excedere
442 2335 519 2374 ex
557 2316 761 2394 finibus
802 2334 915 2373 non
944 2318 1193 2388 liceret,
1241 2332 1314 2373 ne
1339 2317 1483 2391 quid
1527 2317 1600 2373 de
1637 2316 1764 2393 jure
1787 2357 1808 2389 ,
1856 2330 1958 2375 aut

135 2396 347 2470 legibus
374 2414 576 2454 eorum
606 2398 940 2454 diminuisse
971 2397 1291 2469 videretur,
1315 2396 1444 2475 ipse,
1479 2397 1542 2452 in
1571 2396 1792 2455 AEduos
1822 2414 1961 2471 pro-

136 2474 313 2531 ficisci
353 2481 607 2549 statuit,
635 2490 1003 2551 senatumque
1032 2493 1260 2533 omnem
1282 2516 1316 2549 ‚,
1344 2488 1408 2533 et
1437 2492 1578 2552 quos
1618 2478 1772 2533 inter
1817 2494 1962 2537 con-

135 2558 415 2611 troversia
450 2570 604 2613 esset
628 2597 649 2627 ,
694 2554 751 2600 ³⁶
801 2556 1109 2615 Decetiam
1138 2557 1211 2613 ad
1244 2574 1306 2613 se
1354 2558 1606 2614 vocavit.
1647 2554 1796 2613 Cum
1825 2575 1962 2633 pro-

134 2652 207 2708 pe
253 2638 437 2693 omnis
469 2639 684 2694 civitas
720 2654 790 2694 eo
834 2632 1240 2710 convenisset,
1269 2638 1726 2711 docereturque,
1764 2638 1963 2711 paucis

132 2718 279 2771 clam
334 2719 561 2777 vocatis
580 2756 602 2790 ,
648 2716 768 2785 alio
825 2720 955 2775 loco
974 2756 1001 2795 9
1056 2718 1174 2775 alio
1206 2729 1480 2798 ‚tempore
1507 2756 1530 2793 ‚
1557 2732 1734 2792 atque
1759 2733 1952 2792 opor-

196 2914 261 2972 36
324 2917 569 2965 Decetiam
588 2916 652 2962 aa
679 2930 732 2962 se
766 2913 1017 2967 vocavit.)
1076 2920 1276 2963 certum
1307 2914 1480 2963 locum
1507 2912 1692 2975 signat.
1716 2911 1962 2961 Antonini

134 2977 296 3025 Fulvii
324 2980 487 3027 codex
516 2978 591 3029 ita
627 2979 801 3027 clare:
852 2976 1015 3028 etiam
1076 2987 1254 3027 autem
1283 2977 1470 3027 itinere
1513 2978 1578 3025 ab
1599 2977 1965 3039 augustoduno

138 3040 237 3085 duo
264 3042 387 3098 alii,
414 3041 683 3091 ciacconio
712 3050 855 3091 teste.
878 3045 1013 3091 vett.
1077 3042 1336 3091 Lutetiam
1354 3040 1564 3089 Decetio
1586 3040 1825 3099 occurrit,
1847 3053 1964 3101 quae

141 3104 258 3149 edd.
280 3104 437 3151 etiam
464 3105 530 3153 ad
554 3117 607 3151 se
643 3118 784 3151 evoe.
810 3104 945 3165 quod
968 3112 1021 3151 et
1084 3104 1223 3152 haud
1251 3104 1404 3151 dubie
1438 3110 1515 3153 est
1542 3103 1722 3151 Decize
1743 3102 1797 3150 in
1839 3104 1964 3151 dex-

138 3162 195 3210 in
220 3166 462 3214 Vaticano
482 3166 582 3229 legi
607 3168 811 3215 dieitur.
832 3166 1021 3227 Oppidi
1086 3178 1165 3216 tra
1210 3166 1403 3229 Ligeris
1447 3166 1558 3227 ripa
1585 3201 1602 3225 ‚
1642 3164 1816 3215 medio
1856 3164 1966 3213 fere

138 3239 327 3275 nomen
384 3230 579 3279 subesse
620 3230 883 3292 sequentia
924 3246 1025 3277 cum
1088 3234 1199 3280 leco
1224 3230 1358 3280 inter
1378 3228 1576 3281 Nevres
1599 3264 1617 3291 ‚
1659 3238 1713 3279 et
1733 3229 1966 3279 Bourbon

139 3294 743 3348 envmissaet‘ostendunt·
784 3300 857 3345 Eo
888 3294 1029 3356 enim
1088 3300 1280 3355 LancY.
1319 3330 1326 3337 ·
1931 3328 1937 3333 -
