2459 3834
482 67 634 143 594
1036 65 1115 119 G.
1150 66 1354 136 Jumt
1398 68 1732 124 CAESARIS

475 151 718 205 ritatem
756 145 912 201 tanti
958 144 1077 201 viri
1123 149 1594 203 consuetudinem
1638 148 1872 205 factam.
1929 146 2042 214 Sed
2077 168 2198 226 ego
2241 153 2318 209 in

476 230 841 303 antiquorum
863 265 885 297 ‚
908 236 1019 281 etc.
1050 222 1376 284 Cassiodor-
1423 244 1501 291 ex
1549 229 1768 287 Anneo
1801 227 2050 289 Cornuto
2075 232 2154 289 de
2181 230 2322 289 Or-

474 308 577 365 tho
622 306 785 379 raph.

572 327 779 444 g'Varie
807 384 985 443 etiam
1032 387 1428 460 scriptitatum
1453 400 1542 446 est
1573 428 1596 459 ,
1622 386 1998 461 Mancupium
2011 428 2038 462 ,
2086 388 2320 447 Aucu-

474 466 639 540 pium
658 506 681 539 ‚
716 464 1046 524 Manubiae:
1076 467 1361 539 siquidem
1391 466 1461 525 C.
1493 466 1686 525 Caesar
1715 487 1816 541 per
1845 470 1876 524 1
1912 469 2156 542 scripsit
2187 510 2212 542 ‚
2243 484 2318 529 ut

402 618 407 623 ,
477 558 717 621 apparet
755 563 827 603 ex
856 545 1045 603 titulis
1070 546 1268 618 ipsius.
1309 546 1420 603 Ex
1459 546 1642 606 Velio
1669 548 1740 606 de
1771 546 2050 629 Orthogr.

404 622 419 637 ⁴
593 626 689 681 An
718 626 852 681 ideo
878 624 1067 681 minor
1096 638 1185 682 est
1204 624 1292 680 M.
1315 626 1536 683 Tullius
1551 623 1772 684 Orator
1793 666 1815 698 ‚
1831 630 1982 701 quod
2009 627 2174 686 idem
2205 646 2312 685 ar·

475 705 555 760 tis
584 704 745 780 hujus
774 705 797 774 (
820 700 1229 761 Grammaticae
1251 712 1272 776 )
1298 706 1776 780 diligentissimus
1801 708 1914 763 fuit
1932 746 1956 778 ,
1982 722 2043 763 et
2095 708 2166 763 in
2213 708 2313 765 fi-

474 783 558 840 lio
581 824 601 856 ‚
632 798 695 841 ut
751 784 814 839 iu
842 782 1127 857 Epistolis
1155 799 1434 857 apparet,
1477 799 1636 841 recte
1677 787 1947 861 loquendi
1977 803 2315 861 usquequa.-

475 878 589 937 que
614 880 781 937 asper
808 879 1031 937 quoque
1057 860 1331 921 exactor?
1382 864 1504 921 Aut
1543 867 1666 921 vim
1695 864 1766 922 C.
1795 864 2038 921 Caesaris
2087 866 2312 943 frege-

472 956 608 1003 runt
628 942 777 1003 editi
802 942 881 999 de
900 942 1186 1021 Analogia
1214 941 1380 1005 libri?
1405 942 1656 1029 ,Quinem
1693 945 1734 1005 l.
1759 962 1814 1001 ι.
1836 956 1963 1019 cap.
1989 961 2051 1023 7.

1015 1098 1759 1162 APOPHTHEGMATA.

591 1184 707 1243 sed
735 1196 931 1242 tamen
982 1183 1106 1258 ipse
1153 1180 1344 1241 Caesar
1381 1184 1554 1241 habet
1587 1201 1826 1259 peracre
1860 1182 2136 1258 judicium
2164 1201 2183 1243 ε
2219 1198 2312 1259 et,

460 1277 539 1325 ut
566 1262 799 1323 Servius
854 1265 1039 1322 frater
1090 1276 1215 1321 tuus
1237 1303 1258 1334 ,
1303 1273 1471 1339 quem
1499 1264 1963 1321 literatissimum
1990 1264 2172 1321 'fuisse
2199 1264 2310 1339 ju-

471 1346 609 1402 dico
635 1385 656 1418 ,
683 1345 861 1402 facile
878 1346 1103 1402 diecret
1124 1384 1146 1417 ,
1182 1342 1280 1397 bic
1301 1361 1498 1401 versus
1527 1343 1718 1403 Plauti
1749 1360 1863 1401 uon
1887 1356 1976 1399 est
1999 1382 2020 1415 ‚
2048 1344 2150 1397 hic
2181 1360 2308 1418 est,

471 1427 625 1499 quod
658 1426 827 1483 tritas
867 1425 1105 1481 haberet
1135 1440 1300 1479 aures
1330 1424 1596 1480 notandis
1621 1423 1923 1500 generibus
1966 1436 2302 1497 poetarum,

472 1517 535 1560 et
564 1504 969 1563 consuetudine
998 1504 1264 1577 legendi:
1293 1504 1379 1560 sic
1427 1504 1600 1563 audio
1639 1502 1922 1561 cesarem
1940 1540 1962 1572 ‚
2001 1519 2130 1557 cum
2167 1520 2295 1558 vo-

471 1585 691 1639 lumina
714 1583 831 1659 jam
859 1580 1173 1639 confecerit
1194 1592 1672 1657 A'qmooeypaewv
1701 1621 1722 1654 ,
1759 1583 1814 1639 si
1839 1581 1977 1657 quid
2005 1580 2290 1657 afferatur

472 1664 548 1719 ad
574 1662 703 1719 eum
752 1680 857 1737 pro
885 1678 1014 1718 meo
1033 1702 1053 1734 ,
1098 1662 1250 1739 quod
1278 1676 1463 1718 meum
1500 1675 1615 1717 non
1643 1663 1726 1717 sit
1746 1700 1768 1733 ‚
1807 1660 2045 1737 rejicere
2073 1664 2289 1735 solere3

472 1744 623 1817 quod
652 1759 723 1800 co
773 1759 919 1800 nunc
971 1741 1155 1815 magis
1204 1739 1348 1796 facit
1367 1778 1390 1811 ,
1438 1738 1572 1812 quia
1621 1740 1830 1797 vivunt
1886 1757 2108 1799 mecum
2156 1740 2286 1797 fere

471 1823 734 1896 quotidie
788 1822 941 1879 illius
985 1820 1320 1877 familiares.
1370 1818 1638 1875 Incidunt
1667 1832 1858 1878 antem
1905 1820 1967 1877 in
2025 1836 2287 1876 sermone

472 1903 639 1957 vario
666 1905 845 1959 multa
868 1940 887 1971 ,
934 1918 1052 1974 quae
1083 1899 1326 1955 fortasse
1352 1898 1470 1953 illis
1499 1915 1627 1955 cum
1656 1899 1823 1971 dixi,
1871 1916 1977 1954 nec
2025 1900 2287 1957 illitera-

472 1990 535 2032 ta
558 2017 579 2049 ‚
624 1996 729 2033 nec
777 1980 989 2035 insulsa
1049 1994 1171 2033 esse
1226 1976 1552 2033 videantur.
1629 1978 1768 2033 Haec
1815 1978 1890 2033 ad
1947 1977 2108 2033 illum
2158 1994 2287 2035 cum

468 2056 707 2129 reliquis
732 2057 881 2112 actis
912 2055 1291 2126 perferuntur.
1342 2056 1436 2110 Ita
1481 2055 1644 2110 enim
1671 2058 1796 2129 ipsc
1824 2057 2142 2115 mandavit.
2191 2056 2288 2111 Sic

472 2131 545 2189 fit
565 2174 584 2205 ,
612 2148 675 2191 ut
699 2175 721 2208 ,
764 2136 814 2192 si
844 2135 979 2209 quid
1028 2147 1325 2207 praeterea.
1355 2134 1429 2188 de
1484 2150 1578 2189 me
1627 2137 1826 2191 audiat
1847 2174 1867 2207 ‚
1915 2150 2030 2191 non
2059 2136 2295 2193 audien-

460 2216 612 2282 dum
636 2228 826 2291 putet.
858 2212 981 2274 cic.
1011 2214 1148 2275 libr.
1178 2232 1235 2291 9.
1282 2214 1460 2291 epist.
1509 2214 1592 2271 ad
1615 2213 1833 2273 Fama.
1880 2214 2058 2288 epist.
2095 2217 2184 2271 16.
2215 2214 2294 2269 ad

476 2294 627 2369 Pap.
658 2296 908 2354 Paetum.
1314 2292 1316 2294 ’

944 2371 1194 2431 DICTA
1232 2369 1844 2431 COLLECTANEA.

553 2453 878 2512 -Feruntur
934 2468 995 2509 et
1037 2471 1071 2511 a
1122 2470 1335 2525 puero,
1376 2466 1436 2509 et
1485 2453 1555 2507 ab
1583 2452 2006 2511 adolescentulo
2038 2451 2294 2525 quaedam

472 2535 689 2607 scripta
708 2574 729 2604 ,
758 2546 872 2589 etc.
914 2534 1057 2589 item
1076 2530 1258 2589 Dicta
1287 2534 1642 2588 collectanea
1663 2572 1691 2605 ,
1721 2548 1860 2605 quos
1887 2548 2089 2592 omnes
2131 2532 2294 2586 libel·

472 2615 560 2685 los
592 2614 777 2673 vetuit
806 2612 1095 2687 Augustus
1142 2607 1446 2688 publicari.=
1481 2608 1658 2671 Suet.
1689 2612 1752 2667 in
1778 2608 1930 2669 Caes.

712 2805 720 2811 -
1084 2767 1674 2827 EPHEMERIDES.

522 2880 535 2895 ··
590 2853 664 2913 C.
692 2854 877 2927 Iulius
900 2849 1087 2909 Caesar
1119 2868 1246 2907 cum
1267 2851 1574 2907 dimicaret
1602 2851 1666 2905 in
1696 2845 1897 2905 Gallia
1921 2888 1942 2921 ,
1971 2857 2032 2905 et
2071 2846 2145 2907 ab
2184 2846 2290 2904 ho-

474 2946 563 2992 ste
624 2948 821 3009 raptus
878 2950 1021 3007 equo
1080 2930 1195 3005 ejus
1261 2942 1588 3005 portaretur
1647 2941 1906 2986 armatus
1933 2967 1952 2998 ,
2001 2929 2287 2993 ‚occurrit

473 3014 707 3087 quidam
737 3030 813 3087 ex¹
840 3012 1097 3071 hostibus
1114 3049 1134 3082 ,
1175 3011 1274 3081 qui
1314 3027 1440 3065 eum
1479 3022 1713 3082 nosset3
1741 3020 1802 3064 ct
1825 3009 2104 3065 insultans
2129 3006 2221 3061 ait
2248 3007 2286 3049 ⁸

473 3091 658 3153 Cecos
687 3091 877 3151 Caesar
908 3130 927 3165 ,
976 3091 1124 3165 quod
1153 3086 1454 3146 Gallorum
1491 3091 1686 3165 lingua
1715 3126 1738 3161 ,
1763 3086 2023 3144 Dimitte
2044 3123 2066 3156 ,
2089 3084 2292 3157 signi-

455 3170 653 3229 ficat:
695 3186 755 3231 et
794 3175 881 3230 ita
928 3171 1142 3229 factum
1188 3180 1314 3240 cst,
1356 3181 1418 3224 ut
1457 3169 1874 3229 dimitteretur.
1928 3166 2053 3222 Hoc
2089 3177 2282 3241 autem

466 3250 597 3323 ipse
623 3249 815 3308 Caesar
838 3253 897 3308 in
921 3248 1308 3323 Ephemeride
1340 3264 1442 3305 sua
1472 3248 1618 3306 dicit
1638 3288 1660 3321 ‚
1689 3248 1782 3303 ubi
1807 3246 2100 3319 propriam
2125 3260 2282 3303 com·

470 3342 752 3389 memorat
780 3330 1145 3389 felicitatem.
1175 3325 1430 3387 Servius
1449 3328 1511 3386 in
1528 3326 1575 3389 Ι.
1601 3344 1696 3387 ιι.
1721 3324 1971 3389 AEneid.
1993 3320 2279 3401 Virgilii.
