2459 3834
809 75 859 128 1.
883 69 916 128 ι
940 75 990 130 Β
1013 74 1060 142 Ε
1087 73 1144 128 ιι
1223 77 1315 128 11.
1781 79 1876 157 33
1884 80 1931 158 3

78 154 266 216 vibus
295 120 629 232 premittit·
655 154 779 232 ipse
799 158 1000 214 eodem
1021 172 1150 212 cum
1171 154 1495 213 exercitum
1518 154 1932 252 proficiscitur-3

85 238 413 314 biduique
397 252 512 294 iter
535 255 900 312 progressus,
929 235 999 292 ed
1030 235 1241 292 flumen
1272 237 1590 312 Bagradam
1642 241 1933 311 pervenit.

88 320 186 378 ibi
217 319 288 374 C.
307 317 629 375 Caninium
640 318 906 374 Rebilum
938 321 1188 392 legatum
1217 333 1347 372 cum
1390 316 1707 394 legionibus
1742 319 1933 381 relin-

93 392 272 472 q'uit3
304 397 426 471 ipse
455 414 584 454 cum
627 398 886 490 equitatu
915 397 1208 452 antecedit
1238 396 1308 453 ad
1341 411 1531 453 castra
1577 399 1931 471 exploranda

94 477 474 571 Corneliana3
492 478 684 554 quod‘
670 495 720 534 ιε
750 481 904 536 locus
936 476 1273 552 peridoneus
1286 477 1492 534 castris
1508 475 1837 535 habebatur.
1860 479 1931 536 Id

99 557 295 613 autem
339 573 426 615 est
453 559 646 634 jugum
669 559 990 630 directum,
1014 558 1273 614 enimens
1301 557 1361 613 in
1380 573 1575 630 mare3
1595 570 1835 632 utraque
1850 575 1929 616 ex

93 649 268 710 parte
300 653 697 713 praeruptum,
737 651 911 714 atque
939 652 1246 710 asperum,
1274 639 1373 693 sed
1398 641 1565 710 paulo
1597 650 1788 695 tamen
1832 641 1933 694 le-

94 720 268 775 niore
297 717 536 794 fastigio
565 718 638 774 ab
665 734 733 775 ee
760 732 955 792 parte,
974 734 1098 792 quae
1129 718 1201 773 ad
1224 675 1468 773 Uticam
1498 719 1711 794 vergit.
1744 719 1933 777 Abest

93 796 334 856 directo
363 799 576 858 itinere
603 795 676 858 ab
696 797 876 856 Utica
911 801 1072 872 paulo
1093 797 1339 883 amplius
1380 813 1575 870 passus
1612 799 1791 856 mille.
1816 795 1931 856 Sed

93 875 218 936 hoc
266 879 483 936 itinere
528 891 618 936 est
667 878 836 952 fons,
884 895 995 954 quo
1031 893 1192 934 mare
1217 864 1494 934 succedit.
1537 876 1735 952 Longe
1766 881 1933 936 late·-

89 973 208 1031 que
255 958 312 1014 is
359 961 514 1017 locus
561 971 895 1053 restagnat.
925 973 1096 1035 quem
1149 957 1201 1014 si
1250 958 1377 1032 quis
1414 958 1608 1014 vitare
1651 959 1929 1034 voluerit,

91 1054 178 1094 vx.
212 1037 464 1096 millium
496 1040 743 1096 circuitu
790 1041 852 1096 in
885 1037 1157 1114 oppidum
1207 1037 1525 1110 perveniet.
1554 1037 1683 1094 Hoc
1718 1040 1931 1113 explo-

93 1131 228 1174 rato
267 1120 406 1176 ioco
425 1160 445 1192 ‚
473 1117 656 1178 Curio
702 1132 890 1176 cestra
939 1118 1086 1174 Vari
1114 1115 1434 1191 conspicit,
1461 1134 1646 1191 muro,
1673 1117 1929 1194 oppido-

95 1214 206 1272 que
237 1199 550 1275 con-juncta
594 1199 668 1256 ad
701 1210 926 1273 portam
949 1239 971 1272 ,
995 1215 1118 1272 quae
1149 1199 1471 1272 appelletur
1521 1198 1741 1263 Bellica
1762 1239 1783 1271 ,
1814 1201 1931 1258 ad-
1956 1231 1963 1239 ·

97 1278 338 1334 modum
387 1281 610 1337 munita
653 1295 860 1336 natura
906 1279 1065 1352 loci,
1117 1293 1230 1334 una
1280 1293 1352 1333 ex
1380 1289 1546 1352 parte
1572 1278 1700 1351 ipso
1748 1281 1933 1354 oppi-

1969 1042 2049 1107 ²⁵·

98 1358 174 1416 do
201 1357 429 1432 Utica,
457 1363 646 1416 alteru,v
667 1361 900 1417 theatro
918 1399 940 1432 ,
968 1358 1118 1434 quod
1147 1370 1237 1414 est
1274 1370 1409 1413 ante
1438 1356 1749 1430 oppidum,
1786 1360 1937 1416 sub-
2030 1413 2035 1419 .

97 1439 520 1496 structionibus
548 1439 664 1514 ejus
694 1441 887 1515 operis
917 1437 1224 1510 maximis,
1263 1435 1421 1493 aditu
1453 1438 1525 1494 ed
1558 1449 1749 1496 castre
1796 1437 1929 1495 dif-

96 1515 284 1590 ficili,
327 1534 394 1575 et
459 1533 720 1614 angusto.
791 1518 976 1577 Simul
1031 1517 1449 1574 animadvertit
1516 1517 1697 1574 multa
1760 1519 1937 1576 undi-

97 1614 208 1672 que
283 1600 548 1673 portari,
615 1613 788 1692 atque
836 1600 930 1675 agi
1001 1597 1349 1673 plenissimis
1395 1595 1511 1653 viis
1549 1616 1574 1672 3
1631 1614 1753 1673 quae
1824 1615 1935 1656 re·-

99 1678 328 1749 pentini
376 1685 648 1737 turnultus
709 1679 918 1737 timore
969 1695 1040 1736 ex
1089 1679 1249 1754 egris
1288 1678 1353 1734 in
1408 1675 1607 1734 urbem
1656 1677 1933 1736 confere·

101 1756 336 1816 bantur.
368 1760 497 1815 Huc
526 1760 846 1834 equitatum
895 1760 1128 1832 mittit,
1155 1770 1220 1815 ut
1260 1756 1580 1832 diriperet,
1624 1769 1797 1834 atque
1826 1758 1959 1821 ha-·

103 1835 272 1894 beret
346 1840 476 1896 loco
554 1840 810 1913 praedoe3
880 1840 1194 1914 eodemque
1263 1848 1527 1912 tempore
1601 1836 1695 1894 his
1762 1837 1937 1898 rebus

103 1916 372 1974 subsidio
438 1937 528 1974 nc.
589 1920 808 1995 equites
855 1919 1120 1976 Numidae
1165 1935 1237 1975 ex
1296 1917 1513 1992 oppido
1533 1955 1553 1988 ,
1600 1916 1939 1994 peditesque

103 2015 196 2054 cn.
253 1999 568 2056 mittuntur
618 2015 654 2055 a
710 1999 909 2072 Vero,
945 2015 1084 2074 quos
1132 1997 1335 2054 auxilii
1398 2013 1567 2054 causa
1636 2015 1738 2056 rex
1796 1997 1997 2083 Iube*

105 2077 308 2148 paucis
333 2077 532 2136 diebus
577 2094 714 2135 ante
761 2078 998 2136 Uticam
1027 2079 1283 2135 miserat.
1338 2076 1496 2134 Huic
1524 2089 1583 2134 et
1634 2062 1997 2150 paternum*

105 2155 430 2230 hospitium
473 2175 601 2216 cum
633 2144 946 2234 Pompeio,
987 2171 1048 2216 et
1087 2158 1347 2216 simultas
1374 2173 1505 2213 cum
1544 2153 1799 2215 Curione
1834 2159 1941 2214 in·-

83 2237 480 2304 &tei-cedebat:
553 2240 704 2314 quod
754 2240 1012 2308 tribunus
1060 2238 1243 2312 plebis
1279 2241 1467 2313 legem
1515 2240 1931 2314 promulgave-

105 2328 202 2371 rat
225 2355 246 2387 ,
297 2335 408 2392 qua
445 2319 574 2394 lege
622 2335 858 2394 regnum
909 2318 1068 2391 Jubae
1122 2319 1535 2392 publicaverat.
1569 2315 1944 2377 Concurrunt

105 2399 332 2468 equites
381 2397 534 2454 inter
582 2415 660 2455 ee.
713 2399 916 2474 Neque
944 2415 1084 2456 vero
1116 2400 1363 2472 primum
1390 2398 1670 2472 impetum
1698 2413 1943 2457 nostro-

106 2481 244 2530 rum
293 2475 556 2534 Numidae
585 2479 739 2535 ferre
781 2491 1124 2558 potuerunt:
1174 2479 1274 2534 sed
1314 2477 1641 2534 interfectis
1696 2478 1938 2538 circiter

106 2571 238 2610 cxx.
283 2557 492 2630 reliqui
518 2576 578 2614 se
617 2559 678 2613 in
717 2573 908 2617 cestra
948 2559 1020 2615 ad
1043 2558 1340 2632 oppidum
1350 2569 1716 2630 receperunt.
1764 2559 1945 2617 {nte-

105 2634 222 2688 rim
249 2637 510 2695 adventu
558 2641 854 2712 longarum
905 2638 1138 2694 navium
1180 2636 1364 2696 Curio
1394 2638 1759 2712 pronuntiari
1789 2657 1945 2697 one*-

109 2714 284 2770 rariis
333 2717 576 2774 navibus
621 2716 821 2792 jubet,
865 2729 988 2793 quoe
1036 2717 1269 2774 stabant
1322 2719 1397 2772 ad
1449 2717 1689 2776 Uticam
1730 2735 1947 2782 nume-

111 2809 180 2850 ro
207 2795 448 2852 circi-ter
477 2815 560 2854 cc.
605 2815 710 2870 „se
738 2799 800 2853 in
831 2798 1084 2854 hostium
1117 2797 1449 2852 habiturum
1479 2801 1607 2854 loco
1630 2837 1652 2869 ,
1696 2800 1793 2871 qui
1826 2817 1943 2857 nou

82 2888 146 2927 ·e
190 2877 442 2950 vestigio
501 2876 574 2934 ad
627 2889 818 2936 castra
843 2877 1193 2936 ,Corneliana
1223 2880 1352 2933 vela
1399 2877 1721 2934 direxisset.
1728 2881 1769 2912 “
1817 2877 1968 2953 Qua-

114 2957 588 3024 pronuntiatione
615 2957 773 3013 facta
792 2959 1120 3032 ‚temporis
1151 2971 1365 3034 puncto
1386 2995 1407 3029 ‚
1434 2957 1675 3014 sublatis
1718 2961 1951 3048 ancho-

116 3032 218 3104 ris,
247 3051 447 3094 omnes
483 3038 724 3094 Uticam
753 3041 1129 3112 relinquunt,
1179 3049 1265 3109 et,
1312 3055 1425 3113 quo
1450 3038 1813 3110 imperatum
1834 3051 1947 3112 est,

113 3121 433 3173 transeunt.
493 3117 632 3194 Quae
691 3135 786 3176 res
843 3119 1098 3179 omnium
1154 3135 1352 3176 rerum
1400 3117 1572 3193 copie
1632 3120 1953 3201 complevit

117 3196 457 3256 exercitum.-
