2459 3834
803 130 1231 191 '‘Lintn
1309 140 1364 190 1.
1870 130 2042 223 277²

206 214 444 276 husu.
492 214 695 293 Neque
762 229 983 275 eertum
1033 218 1281 274 inveniri
1335 226 1564 292 poterat
1605 258 1627 290 ,
1673 216 2022 277 obtinendi·-

208 316 279 355 ne
322 315 481 356 causa
508 298 811 355 Brundusii
868 299 949 354 ibi
1000 298 1365 355 remansisset
1392 338 1413 371 ,
1457 298 1607 373 quod
1661 298 1884 357 facilius
1944 318 2027 358 o-

210 392 335 453 mne
364 379 759 435 Hadriaticum
804 394 1004 449 mare,
1046 378 1322 435 extremis
1365 379 1548 435 ltaliae
1591 381 1886 453 partibus,
1931 398 2025 437 re·-

204 458 567 533 gionibusque
606 456 845 515 Graeciae
888 499 908 531 ,
966 460 1025 502 ⁵0
1070 458 1139 515 in
1189 470 1532 531 potestatem
1587 459 1822 515 haberet
1845 500 1865 531 ,
1917 476 2023 516 at·-

202 552 309 609 que
354 554 421 595 ex
468 552 705 611 utraque
758 552 919 611 parte
966 538 1177 593 bellum
1225 538 1632 593 administrare
1674 554 1906 613 posset3
1945 546 2022 599 a'n

200 614 391 689 inopia
440 619 671 675 navium
736 618 820 673 ibi
894 618 1249 675 restitisset:
1312 619 1636 693 veritusque
1667 658 1687 689 ,
1747 636 1818 676 ne
1885 619 2020 675 Ita·-

199 696 338 749 liam
381 698 475 753 ille
502 698 908 754 dimittendam
952 713 1065 753 non
1112 695 1515 769 existimaret,
1553 698 1781 770 exitus,
1821 700 2020 755 admi-

204 775 679 852 nistrationesque
735 776 1065 833 Brundisini
1134 789 1334 849 portus
1409 778 1687 850 impedire
1737 778 2016 837 instituit:

206 868 437 931 quorum
487 874 721 930 operum
783 857 903 914 haec
948 868 1075 912 erat
1124 856 1294 913 ratio.
1353 854 1536 933 “Qua
1567 856 1784 913 ‘fauces
1849 871 2020 914 erant

205 938 631 1007 angustissimae..
658 948 853 1011 portus
880 976 899 1008 ,
925 939 1135 992 molem
1159 974 1177 1005 ,
1221 950 1393 1010 atque
1423 952 1686 1013 aggerem
1725 938 1798 992 ab
1847 948 2018 992 utra-

202 1028 311 1087 que
357 1030 519 1089 parte
565 1016 758 1073 litoris
796 1017 1081 1093 jaciebat,
1130 1016 1281 1091 quod
1341 1016 1434 1072 his
1489 1017 1632 1073 locis
1679 1029 1806 1071 erat
1858 1034 2020 1072 mare

198 1094 491 1152 vadosum.
521 1096 777 1170 Longius
828 1111 1151 1171 progressus
1172 1136 1191 1166 ,
1239 1110 1366 1150 cum
1397 1112 1568 1171 agger
1617 1096 1826 1152 altiore
1867 1113 2016 1169 aqua

202 1176 483 1231 contineri
528 1194 637 1235 non
673 1190 905 1249 posset,
952 1188 1106 1231 rates
1136 1175 1390 1247 duplices
1442 1192 1857 1250 quoquoversus
1903 1194 2016 1249 pe-

198 1252 331 1311 dum
360 1272 493 1315 xxx.
529 1272 563 1311 e
608 1256 840 1329 regione
869 1256 1037 1312 molis
1074 1254 1408 1310 collocabat.
1441 1255 1562 1311 Has
1589 1254 1884 1327 quaternis
1912 1272 2018 1309 an-

196 1332 388 1389 choris
416 1353 489 1391 ex
520 1350 761 1410 quatuor
793 1336 1012 1409 angulis
1042 1334 1363 1391 distinebat
1382 1373 1400 1405 ,
1443 1350 1513 1389 ne
1567 1334 1832 1391 fluctibus
1879 1352 2018 1389 mo·-
2047 1328 2056 1335 ’

192 1427 477 1471 verentur.
542 1416 648 1471 His
692 1415 1010 1486 perfectis,
1059 1416 1504 1487 collocatisque,
1561 1415 1704 1469 alias
1743 1414 2014 1487 deinceps

193 1494 316 1565 pari
340 1495 739 1570 magnitudine
759 1508 910 1550 rates
935 1494 1221 1569 jungebat.
1255 1494 1375 1550 Has
1414 1505 1568 1549 terra
1589 1534 1609 1563 ‚
1638 1507 1809 1567 atque
1839 1510 2012 1567 agge-

197 1587 259 1626 re
297 1574 643 1649 contegebat
662 1615 683 1647 ,
712 1590 783 1629 ne
821 1576 1011 1630 aditus
1032 1613 1053 1645 ,
1082 1572 1272 1647 'atque
1299 1570 1555 1629 incursus
1585 1574 1655 1629 ad
1688 1572 2011 1629 defenden-

195 1649 325 1707 dum
374 1654 756 1728 impediretur
784 1670 799 1710 ε
830 1672 864 1709 a
892 1654 1083 1710 fronte
1102 1693 1123 1725 ,
1152 1666 1324 1727 atque
1342 1654 1424 1708 ab
1455 1666 1695 1725 utroque
1725 1656 1906 1709 latere
1948 1654 2006 1696 ⁵⁸

192 1732 437 1790 cratibus
467 1773 488 1806 ,
528 1750 599 1790 ac
641 1734 847 1809 pluteis
897 1735 1251 1807 protegebat.
1303 1732 1370 1789 ln
1419 1746 1622 1807 quarta
1661 1730 1882 1807 quaq'ue
1912 1749 2015 1787 ea-

190 1826 315 1866 rnm
366 1826 551 1871 turres
592 1815 857 1876 binorum
900 1814 1284 1869 tabulatorum
1303 1813 1645 1885 -exeitabat3
1692 1830 1804 1887 quo
1843 1830 2016 1869 com..

192 1892 415 1949 modius
462 1892 535 1949 ab
583 1894 803 1967 impetu
854 1895 1081 1949 navium
1123 1933 1141 1963 ,
1180 1892 1572 1966 incendiisque
1599 1892 1953 1950 defenderet.
1969 1932 2011 1965 „

191 1968 411 2028 Contra
461 1972 579 2029 haec
618 1971 919 2046 Pompejus
964 1988 1137 2029 naves
1194 1987 1430 2047 magnas
1488 1973 1824 2041 onerarias,
1873 1990 2011 2046 quas

190 2049 255 2105 in
286 2065 451 2123 portu
474 2052 818 2109 Brundisino
846 2052 1343 2125 deprehenderat,
1383 2051 1718 2109 adornabat.
1758 2052 1846 2108 Ibi
1878 2066 2016 2108 tur-

190 2144 282 2185 res
330 2146 459 2187 cum
507 2135 688 2205 ternis
739 2132 1009 2188 tabulatis
1057 2132 1362 2205 erigebat,
1390 2148 1595 2203 easque
1636 2134 1836 2189 multis
1879 2147 2013 2187 tor-

190 2212 398 2267 mentis
426 2251 450 2284 ,
489 2224 552 2268 et
596 2212 754 2269 omni
793 2228 1001 2285 genere
1055 2214 1300 2266 telorum
1341 2211 1693 2283 completas,
1740 2213 1811 2267 ad
1864 2228 2016 2283 ope-

191 2303 257 2342 ra
310 2288 552 2347 Caesaris
602 2292 923 2365 appellebat
952 2330 975 2361 ,
1020 2302 1084 2345 ut
1133 2304 1286 2347 rates
1341 2304 1782 2363 perrumperet,
1839 2303 2016 2367 atque

187 2372 361 2439 Opera
419 2371 790 2427 disturbaret.
842 2368 939 2426 sie
986 2371 1248 2442 quotidie
1296 2370 1558 2442 utrinque
1605 2371 1823 2426 eminus
1871 2370 2014 2426 fun-

188 2446 326 2519 dis,
376 2451 613 2525 sagittis
655 2490 675 2523 ,
746 2450 1090 2522 reliquisque
1161 2450 1294 2505 telis
1353 2448 1724 2521 pugnabatur.
1817 2448 2014 2523 Atque

185 2523 306 2581 haec
361 2528 450 2585 ita
496 2528 689 2585 Caesar
738 2529 1183 2584 administrabat
1213 2568 1236 2600 ,
1305 2540 1370 2583 ut
1437 2530 1798 2586 conditiones
1857 2532 2016 2601 pacis

184 2605 562 2677 dimittendas
612 2626 723 2665 non
784 2609 1197 2681 existimaret3
1247 2624 1316 2663 ac
1377 2608 1608 2679 tametsi
1667 2624 2015 2683 magnopere

188 2685 581 2747 admirabatur
602 2729 623 2762 ‚
650 2688 955 2765 Magium,
984 2704 1151 2762 quem
1180 2689 1255 2743 ad
1285 2686 1616 2765 Pompeium
1667 2704 1798 2747 cum
1837 2702 2015 2745 man-

250 2892 319 2955 s'o
384 2901 443 2943 In
486 2904 783 2954 potestatem
840 2896 1021 2941 babere.
1046 2892 1069 2946 )
1132 2892 1390 2947 ciceronis
1411 2903 1528 2947 nota
1557 2896 1778 2952 formula
1813 2911 1878 2947 ex
1902 2900 2016 2947 Ma·-

187 2956 267 3007 Sic
303 2958 491 3017 optimi
531 2958 667 3005 libri.
716 2961 777 3004 Et
826 2956 1070 3005 Salustius
1134 2956 1328 3005 ainana
1365 2970 1476 3018 cap.
1521 2972 1603 3009 12.
1632 2960 1684 3008 in
1716 2961 2016 3021 praedonum

186 3020 451 3083 Jurgurth.
479 3034 593 3080 cap.
611 3030 725 3067 ιη.
754 3025 871 3067 cu‘m
912 3021 1071 3066 talem
1134 3018 1290 3067 fuisse
1313 3030 1804 3084 potestatem‚quam
1825 3024 2018 3072 Gellius

189 3080 363 3132 virum
386 3082 449 3131 iu'
466 3090 773 3143 potestatem
798 3080 1073 3129 habuisset.
1142 3092 1187 3129 1.
1209 3094 1255 3139 7.
1287 3092 1484 3144 tuetur,
1509 3093 1562 3133 et
1607 3086 1778 3134 Livius
1805 3098 1886 3135 Π.
1931 3098 2018 3146 14.

186 3146 251 3195 Et
268 3145 435 3193 Livius
450 3159 611 3194 xvtu.
630 3156 751 3207 με.
773 3145 1073 3205 magistrum
1139 3144 1391 3206 imitatur,
1413 3160 1527 3208 quae
1556 3162 1616 3197 ne
1637 3148 1688 3195 in
1717 3158 2022 3211 potestatem

192 3208 426 3269 equitum
467 3245 482 3267 ‚
549 3220 611 3257 ne
653 3208 853 3255 hostem
928 3206 1073 3253 vide·
1138 3208 1347 3271 quidem
1375 3211 1546 3271 populi
1569 3208 1786 3261 Romani
1813 3222 1958 3261 esset.

195 3270 294 3325 ret,
312 3268 375 3317 ne
396 3271 519 3332 quid
546 3271 617 3318 rei
640 3271 836 3318 bellicae
857 3269 1077 3327 videret,
1206 3280 1269 3329 ει
1316 3276 1553 3333 σνατὶὸω,
1580 3290 1634 3324 ac
1653 3270 1852 3333 Muthis.
1877 3280 1895 3330 )
1926 3280 2026 3325 Su·-

194 3342 359 3393 μορε
404 3333 459 3383 in
500 3334 789 3385 custodiam
826 3332 1081 3383 habitum.
1144 3342 1240 3393 pra
1265 3334 1354 3385 lib.
1369 3346 1474 3387 vn.
1502 3344 1617 3400 cap.
1649 3350 1733 3389 11.
1754 3349 1872 3389 sect.
1899 3350 1986 3401 25.

2053 1967 2132 2023 26
