2459 3834
1671 36 1680 57 ἱ

724 80 825 136 1213
877 82 1121 135 BELLo
1173 82 1477 137 msPAN.
1892 84 2047 174 ¹577

156 204 205 244 υ
230 160 553 219 hominum
580 161 709 219 caesi
740 202 761 235 ,
806 166 995 237 plures
1055 165 1242 221 saucii
1287 169 1547 239 equitum
1569 206 1590 239 ,
1629 184 1700 224 ae
1749 170 2046 244 peditum.

166 270 217 326 ᾗ,
240 243 460 317 Itaque
506 258 639 298 cum
670 240 866 299 Cesar
896 244 1076 299 muris
1108 245 1472 303 obsidionem
1513 250 1899 327 admovisset,
1931 271 2046 329 ag-

161 364 214 400 „
240 341 359 399 ger
420 322 635 379 flebilis
668 362 691 395 ‚
746 324 929 379 etiam
990 324 1318 381 horrendus
1371 328 1444 383 de
1491 328 1878 389 cadaveribus
1935 334 2045 389 fa·-

160 444 219 481 „
238 416 381 460 ctus
420 416 551 476 est,
594 420 700 476 per
744 422 915 477 quem
954 404 1028 459 ad
1070 408 1568 479 oppugnationem
1609 412 1765 475 urbis
1818 429 2038 470 ascen-

163 525 215 559 „
241 484 490 541 deretur
520 522 542 555 ,
589 501 713 558 quae
773 486 905 540 telis
928 524 948 556 ,
980 501 1050 539 ac
1078 488 1446 546 mucronibus
1478 492 1640 547 velut
1668 496 1829 549 calce
1858 510 2040 550 com-

161 605 211 639 „
238 578 422 641 pacta
464 566 718 638 invicem
759 565 1125 624 cohaerebant
1158 586 1181 639 3
1239 570 1503 643 murique
1539 570 1800 629 officium
1843 576 2042 631 mini-

164 686 213 719 „
234 647 537 701 stt-abant.
567 644 657 701 Ite
690 662 837 701 nunc
868 645 1107 717 miseri,
1133 660 1193 702 et
1222 647 1492 706 civilibus
1521 651 1691 711 bellis
1721 654 2030 711 incumbi-

170 765 221 800 „
243 738 349 798 te,
374 726 621 799 dumque
646 726 781 783 aliis
814 727 1093 783 invidetis
1113 765 1133 797 ,
1162 744 1266 783 vos
1295 729 1454 801 ipsos
1481 733 1816 805 opprimite.
1868 736 2030 791 Ecce

176 807 332 880 „de
378 806 591 861 vestris
637 807 1011 863 cadaveribus
1068 812 1410 881 superstites
1447 810 1892 887 [oppugnantur.
1941 815 2040 871 An

172 926 227 959 „
250 886 413 942 aliud
442 884 691 961 petitis?
722 900 795 942 an
834 888 1146 961 quidquam
1176 888 1466 945 furoribus
1507 892 1688 947 etiam
1732 911 1883 949 nunc
1917 912 2036 950 ve-

174 996 227 1039 „
252 967 399 1023 stris
426 962 635 1037 deest?
682 967 777 1023 An
820 970 944 1023 vult
976 969 1135 1023 aliud
1176 969 1464 1027 Labienus
1498 984 1617 1027 tam
1645 971 1906 1029 fervidus
1939 973 2043 1029 in-

168 1085 220 1121 „
242 1043 533 1107 sul‘tator3
576 1046 657 1103 Et
690 1047 795 1103 aiii
824 1048 1087 1106 cecidere
1131 1050 1246 1105 tuis
1289 1051 1662 1125 instigatibus
1686 1092 1706 1124 ,
1741 1053 2034 1127 Labiene,

170 1165 219 1200 „
244 1139 311 1183 et
342 1140 404 1185 tu
451 1127 629 1183 miser
668 1144 799 1183 cum
828 1128 961 1183 aliis
988 1130 1238 1185 cadaver
1271 1131 1498 1187 unicum
1522 1131 1714 1209 jaces:
1755 1135 2030 1208 quamvis

172 1242 220 1278 2,
237 1221 306 1263 et
339 1205 449 1264 tibi
492 1208 705 1280 etiam,
736 1208 926 1280 Vare,
956 1212 1215 1283 sepulcra
1244 1210 1402 1273 facta
1431 1214 1745 1285 reperiam.
1774 1214 1854 1269 Et
1887 1231 2043 1288 quo-

173 1326 221 1359 „
244 1288 407 1343 niam
448 1289 563 1343 tuis
605 1289 664 1342 in
706 1306 776 1345 eo
814 1301 973 1346 statu
1007 1307 1246 1367 vacasse
1294 1308 1410 1349 non
1455 1293 1712 1350 arbitror
1736 1332 1756 1365 ,
1804 1296 2034 1351 aestimo

177 1369 353 1439 „illa
402 1364 677 1425 Caesaraee
721 1369 877 1440 (tibi
910 1382 1143 1443 prorsus
1186 1372 1501 1441 indebitae)
1545 1372 1727 1437 fuisse,
1761 1376 2040 1431 clemen-

182 1484 229 1519 „
253 1448 349 1503 tiae
369 1487 390 1520 ,
427 1449 681 1523 satisque
729 1466 1019 1525 auguror,
1054 1453 1109 1507 si
1155 1451 1242 1509 sic
1291 1466 1416 1523 est,
1470 1462 1530 1508 te
1573 1452 1870 1513 obstinato
1895 1492 1915 1526 ,
1969 1466 2036 1509 ut

184 1566 237 1599 „
254 1544 425 1601 eras,
462 1531 659 1587 animo
704 1528 1067 1589 inhumatum
1108 1531 1284 1607 abjici
1337 1532 1626 1590 maluisse.
1677 1531 1868 1591 Cneus
1891 1535 2039 1607 qui·

188 1646 233 1680 „
249 1608 387 1665 dem
426 1608 726 1698 Pompejus
771 1624 832 1666 et
872 1612 1150 1691 humero,
1190 1626 1252 1669 et
1299 1614 1442 1671 laevo
1485 1629 1651 1672 crure
1693 1614 1889 1670 saucio
1925 1613 2040 1669 in·-

188 1710 239 1760 -‚;
260 1702 351 1745 ter
398 1692 618 1749 medias
676 1692 859 1749 caedes
908 1693 1107 1767 praelio
1166 1694 1358 1769 pulsus
1405 1695 1673 1751 excessit.
1733 1694 1904 1749 Hune
1965 1692 2032 1749 in

193 1771 467 1841 „lectica
489 1808 511 1845 ,
550 1772 698 1845 quod
732 1789 843 1827 nec
868 1788 1015 1847 equo
1036 1812 1057 1843 ,
1086 1790 1191 1831 nec
1227 1772 1502 1832 vehiculo
1544 1775 1632 1829 uti
1667 1784 1888 1847 posset,
1921 1788 2040 1829 ne-

186 1867 487 1923 ·„morosa
514 1852 651 1905 avia
682 1865 1078 1925 penetrantem
1109 1852 1246 1929 fuga
1285 1852 1532 1924 humili,
1551 1866 1612 1909 et
1642 1856 1868 1912 occulta
1891 1891 1910 1923 ,
1933 1864 2035 1907 at·-

197 1947 394 2007 „flue
424 1930 487 1989 in
516 1932 801 2009 speluncis
829 1933 1165 1997 latitantem
1188 1974 1208 2007 ‚
1237 1930 1534 1991 Caesonius
1567 1930 1814 1992 Caesaris
1865 1937 2042 2007 lega·-

197 2048 241 2081 ‚,
265 2023 353 2067 tus
394 2010 757 2067 resistentem
798 2012 988 2069 adhuc
1020 2053 1039 2085 ,
1084 2015 1266 2071 etiam
1309 2015 1533 2071 miserae
1584 2015 1710 2088 spei
1761 2014 2040 2089 reliquias

200 2128 243 2161 „
263 2090 620 2165 refoventem
640 2133 660 2164 ‚
696 2107 1027 2168 assequutus
1048 2094 1477 2165 adLaunonem
1507 2092 1609 2163 (id
1640 2106 1726 2150 est
1750 2096 1879 2153 loco
1911 2109 2034 2148 no·-

202 2209 249 2243 ‚‚
272 2176 439 2243 men)
479 2172 808 2230 obtruncat.
868 2170 1059 2245 Caput
1110 2174 1180 2229 ad
1224 2170 1514 2233 Caesarem
1560 2174 1856 2245 refertur,
1900 2173 2044 2227 tali·

208 2252 371 2321 „bus
410 2264 699 2307 assuetum
734 2238 1062 2307 miineribus
1116 2268 1230 2307 non
1272 2252 1638 2325 gaudentem.
1681 2249 1862 2323 Hujus
1893 2267 2038 2323 ger-

209 2346 497 2403 „manum
540 2328 775 2398 Sextum
824 2328 1155 2404 Pompejum
1198 2330 1261 2384 in
1301 2328 1626 2386 Celtiberia
1665 2330 2037 2385 abscondisse

212 2408 560 2483 „fortunam
592 2410 827 2467 tradunt
848 2449 871 2481 ‚
910 2428 979 2465 ne
1026 2409 1256 2484 quando
1290 2410 1518 2465 scilicet
1567 2410 1830 2467 deessent
1863 2410 2037 2466 bellis

214 2490 542 2566 „civilibus
590 2491 889 2547 alimenta.
939 2488 1163 2547 Munda
1216 2502 1346 2565 post
1400 2488 1655 2565 praelium
1709 2502 2046 2565 expugnata.

215 2570 503 2644 „quidem
546 2587 580 2624 a
611 2566 879 2642 Caesare,
910 2568 1008 2625 sed
1048 2569 1276 2645 ingenti
1312 2570 1470 2643 prius
1512 2570 1808 2647 sanguinis
1841 2569 2049 2642 perfu-

219 2666 340 2723 „sa
372 2650 612 2707 diluvio.
657 2649 768 2706 Per
800 2649 1031 2706 eosdem
1072 2650 1198 2706 dies
1228 2662 1560 2724 oppugnata
1591 2666 1784 2705 rursus
1814 2648 2047 2705 Cordu-

220 2730 384 2805 „baz
416 2747 535 2805 quae
564 2731 815 2804 qualiter
858 2729 1202 2801 defecisset,
1243 2747 1356 2785 non
1402 2730 1657 2785 invenio.
1701 2722 1908 2803 Magni
1961 2729 2048 2784 ibi

224 2850 265 2883 „
282 2824 497 2882 motus,
526 2812 729 2887 ingens
760 2812 820 2866 in
846 2810 1093 2866 civitate
1122 2808 1406 2871 dissensio
1428 2849 1448 2880 ‚
1481 2822 1649 2883 parte
1677 2825 1786 2863 una
1817 2808 1890 2862 ad
1911 2805 2043 2864 Cae-

226 2908 467 2967 „sarem
488 2930 509 2963 ,
539 2894 723 2947 altera
755 2891 814 2947 ln
846 2890 1201 2963 contrarium
1242 2889 1565 2953 inclinante
1592 2908 1613 2959 ς,
1655 2905 1897 2963 cumque
1938 2903 2045 2943 es·
2117 2898 2123 2901 ·

227 2984 371 3043 „set
399 2972 473 3027 ad
502 2987 665 3027 arma
695 2970 1051 3041 discursum,
1078 2970 1229 3026 vicit
1263 2987 1393 3043 pars
1413 3008 1433 3039 ‚
1457 2986 1578 3043 quae
1609 2964 1892 3023 Caesarem
1932 2984 2046 3023 co·-

231 3090 269 3123 ‚‚
292 3052 481 3123 lebat,
518 3051 743 3124 sibique
782 3051 1057 3123 oppidum
1104 3050 1299 3111 cessit.
1343 3049 1438 3103 De
1468 3062 1632 3121 parte
1659 3049 1900 3103 adversa
1931 3050 2046 3105 duo

227 3143 339 3201 „et
379 3126 593 3207 v'iginti
636 3129 818 3201 millia
876 3132 1186 3202 cecidere;
1237 3129 1500 3205 quamvis
1551 3144 1767 3202 magnae
1801 3128 1925 3181 urbi
1957 3129 2047 3180 ei-

224 3208 441 3285 „vibus
485 3211 699 3285 insigni
743 3222 989 3285 strages.
1030 3207 1222 3264 Caesar
1253 3210 1484 3281 Hispali
1523 3208 1809 3283 digressus
1847 3206 2048 3263 Idibus

229 3286 498 3363 „Aprilis
522 3329 543 3364 ,
582 3288 781 3349 Gades
826 3291 1024 3365 petit:
1065 3289 1205 3347 inde
1245 3306 1470 3423 rui-sign
1511 3289 1802 3363 Hispalim
1841 3288 2044 3373 rediit,

1447 3384 1482 3426 ο
1759 3388 1782 3405 Χ
