2459 3834
981 15 992 40 ⁴
2138 30 2173 49 t

825 119 976 177 mn.
1034 117 1106 170 Α.
1160 112 1431 169 marn.
1480 143 1515 149 -·
1873 108 2018 185 521

193 204 494 279 Legiones
523 200 810 277 Scipinnis
837 199 1120 275 comperit
1159 196 1383 271 longius
1412 193 1474 251 in
1505 190 1663 269 agris
1694 192 2029 271 frumenta-

131 349 141 355 ,
195 288 292 343 ri:
321 298 411 355 et,
430 300 556 340 cum
587 302 656 341 eo
676 283 1021 339 contendere
1049 290 1377 348 conaretur,
1393 275 1809 331 animadvertit
1830 274 2028 346 copias

133 412 140 421 ,
196 364 464 425 hostium
495 366 570 422 iis
590 362 906 438 legionibus
933 374 1234 437 occurrere
1260 358 1573 437 suppetias.
1604 354 1743 429 Quae
1774 370 1869 408 res
1908 353 2027 428 ejus

195 438 485 514 :impetum
537 429 879 503 retardavit.
927 440 1167 513 ltaque,
1221 451 1392 529 capto
1422 433 1493 491 C.
1544 436 1745 494 Murio
1795 434 2023 507 Regino

196 524 402 596 equite
431 522 692 579 Romano
711 560 732 592 ,
771 519 1059 592 Scipionis
1078 516 1531 574 familiarissimo
1549 555 1571 589 ,
1600 517 1697 588 qui
1726 515 1781 569 ei
1810 514 2026 588 oppido

194 614 490 674 praeerat,
519 613 576 655 et
607 600 672 655 P.
701 600 878 655 Atrio
903 600 1096 673 equite
1124 597 1388 653 Romano
1425 596 1497 654 de
1542 608 1828 651 conventu
1873 592 2029 652 Uti-

192 682 362 742 censi
385 719 406 751 ,
433 692 492 732 et
524 680 756 735 camelis
784 694 926 733 xxu.
958 678 1110 750 regis
1134 676 1437 748 adductis,
1472 676 1734 747 praesidio
1774 674 1857 729 ibi
1890 688 2025 732 eum

191 755 404 831 Oppio
450 760 643 832 legato
688 758 896 817 relicto
916 796 936 829 ,
967 757 1090 828 ipse
1117 772 1178 815 se
1206 755 1465 827 recipere
1490 756 1671 828 coepit
1699 754 1771 810 ad
1810 765 2021 814 castra,

757 874 1110 957 CAPUT
1170 873 1463 930 xxvu.

193 996 501 1075 Labienus
519 1036 540 1069 ,
585 1006 652 1055 et
700 994 1004 1070 Afranius
1055 995 1288 1075 egressi
1324 1012 1427 1063 ,ex
1474 995 1708 1051 insidiis
1754 992 2025 1069 pra-lium

280 1095 404 1136 cum
451 1076 743 1138 Caesareis
791 1078 1004 1150 sepius
1051 1078 1456 1147 committunt,
1504 1077 1693 1145 majus
1742 1086 1937 1135 tamen

707 1158 970 1217 damnum
1017 1157 1136 1233 ipsi
1187 1157 1525 1229 patiuntur.

491 1236 522 1267 0
1867 1267 1871 1271 .

283 1256 489 1379 Cum
535 1314 649 1390 jam
702 1332 811 1373 non
863 1319 1032 1391 longe
1077 1319 1114 1372 ‘a
1173 1315 1385 1373 castris
1430 1312 1716 1390 Scipionis
1771 1315 2024 1389 abesset,
2056 1320 2143 1395 69

191 1414 322 1470 quae
363 1414 490 1456 eum
535 1394 764 1453 necesse
815 1411 944 1453 erat
1000 1397 1413 1471 praetergredi,
1465 1396 1789 1468 Labienus,
1834 1395 2028 1452 Afra-

193 1476 443 1547 ”iusque
501 1492 630 1531 cum
692 1465 847 1531 'omni
906 1478 1208 1549 equitatu,
1256 1476 1484 1549 levique
1544 1488 1887 1547 armatura,
1952 1492 2029 1533 ex
2064 1549 2076 1561 ·

193 1556 428 1623 insidiis
467 1556 699 1626 adorti,
729 1556 945 1629 agmini
977 1556 1094 1631 ejus
1135 1570 1397 1611 extremo
1440 1572 1501 1613 se
1530 1555 1779 1611 offerunt
1804 1595 1825 1628 ,
1852 1568 2031 1629 atque

189 1650 262 1697 ,ex
289 1634 527 1692 collibus
559 1636 764 1709 primis
790 1636 1059 1691 existunt.
1093 1633 1261 1707 Quod
1297 1648 1609 1711 postquam
1648 1632 1837 1692 Caesar
1874 1637 2027 1714 ''ani-

190 1716 546 1785 madvertit,
573 1715 862 1789 equitibus
901 1716 1028 1787 ⁴suis
1072 1714 1328 1773 hostiurn
1372 1714 1432 1769 vi
1480 1716 1814 1787 oppositis,
1842 1714 2027 1770 sarci·

191 1794 690 1867 nas-legionarios
733 1794 792 1847 in
843 1790 1110 1855 acervum
1156 1792 1319 1868 jubet
1378 1808 1745 1868 comportare
1774 1834 1795 1866 ,
1845 1807 2019 1868 atque

192 1874 462 1927 celeriter
501 1874 666 1947 signa
725 1872 982 1931 hostibus
1029 1873 1265 1929 inferre.
1314 1872 1488 1947 Quod
1541 1886 1838 1949 postquam
1892 1892 2024 1931 coe-

193 1964 358 2025 ptum
401 1965 490 2007 est
531 1950 658 2007 fieri
681 1994 704 2025 ,
728 1955 936 2025 ,primo
987 1953 1214 2027 impetu
1253 1956 1545 2028 legionum
1589 1958 1919 2029 equitatus,
1956 1966 2021 2012 et

196 2032 344 2087 levis
403 2048 694 2089 armatura
745 2035 997 2089 hostium
1047 2035 1202 2091 nullo
1252 2036 1487 2109 negotio
1534 2038 1664 2094 loco
1724 2038 1921 2108 puisa,
1960 2048 2021 2095 et

195 2110 418 2185 „dejecta
461 2125 548 2168 est
588 2114 661 2168 de
711 2116 877 2169 colle.
926 2112 1072 2171 Cum
1100 2113 1213 2185 jam
1254 2112 1443 2195 Cacsar
1472 2116 1859 2174 existimasset
1910 2115 2019 2172 ho-

197 2204 312 2253 stes
365 2196 554 2264 pulsos
573 2231 594 2263 ,
621 2194 1049 2265 deterritosque
1077 2190 1248 2247 finem
1279 2194 1593 2249 lacessendi
1632 2193 1929 2265 facturos,
1952 2206 2019 2251 et

196 2270 310 2324 iter
339 2284 590 2343 coeptum
617 2289 876 2345 pergere,¹
903 2273 1170 2343 coepisset
1191 2310 1211 2342 ,
1244 2272 1453 2327 iterum
1484 2272 1757 2328 celeriter
1785 2288 1855 2329 ex
1884 2290 2018 2346 pro-

196 2349 365 2403 ximis
418 2349 658 2405 collibus
714 2365 1054 2422 erumpunt:
1122 2364 1294 2423 atque
1339 2350 1537 2405 eadem
1582 2352 1848 2423 ratione,
1906 2370 2019 2429 qua

195 2429 577 2499 antea-dixi,
637 2430 698 2486 in
749 2428 991 2485 Caesaris
1039 2430 1391 2503 legionarios
1454 2432 1731 2503 impetum
1790 2432 2013 2490 faciunt

193 2505 500 2581 Numidae,
545 2503 801 2588 levisque
832 2520 1172 2581 armaturae,
1200 2509 1459 2568 mirabili
1504 2512 1817 2568 velocitate
1860 2529 2017 2587 prae-
2061 2533 2070 2538 ’

193 2586 348 2659 diti,
379 2588 476 2660 qui
509 2586 662 2643 inter
705 2590 928 2663 equites
971 2590 1337 2663 pugnabant,
1365 2603 1425 2646 et
1478 2608 1587 2647 una
1611 2631 1631 2662 ,
1683 2593 2014 2666 pariterque
2084 2650 2088 2653 .

197 2682 319 2731 cum
351 2667 638 2740 equitibus
667 2685 962 2724 accurrere
983 2709 1002 2738 ,
1031 2681 1090 2723 et
1112 2668 1373 2743 refugere
1403 2684 1833 2726 consueverant.
1862 2670 2013 2729 Cum

197 2746 302 2801 hoc
334 2747 533 2820 saepius
559 2746 816 2803 facerent
835 2788 855 2819 ,
882 2762 942 2803 et
969 2748 1006 2819 J
1011 2749 1226 2804 ulianos
1261 2748 1684 2820 proficiscentes
1734 2740 2013 2825 inseque-

196 2838 388 2885 rentur
410 2866 429 2897 ,
459 2837 519 2881 et
551 2826 872 2901 refugerent
903 2827 1184 2883 instantes
1207 2868 1225 2901 ,
1256 2830 1487 2901 propius
1514 2846 1628 2885 non
1647 2826 2010 2905 accederent,

196 2918 254 2960 et
304 2905 582 2981 singulari
643 2924 851 2981 genere
908 2925 1104 2982 pugnae
1167 2920 1504 2977 uterentur,
1554 2922 1763 2983 eosque
1808 2909 2011 2985 jaculis

195 2988 597 3045 convulnerare
627 2987 770 3060 satis
815 3004 937 3043 esse
987 2986 1428 3059 existimarent,
1456 2984 1647 3044 Caesar
1674 2990 2007 3063 intellexit,
2085 3022 2093 3031 =

193 3064 334 3119 nihil
375 3065 530 3128 aliud
571 3066 702 3122 ilios
737 3066 974 3137 conari,
1018 3066 1128 3122 nisi
1175 3080 1240 3122 ut
1282 3086 1343 3123 se
1382 3080 1658 3143 cogerent
1708 3084 1897 3125 castra
1942 3072 2005 3127 in

113 3152 116 3157 ·
193 3144 312 3198 loco
343 3158 551 3213 ponere
577 3184 595 3217 ,
627 3146 723 3200 ubi
769 3147 1004 3203 omnino
1041 3164 1196 3220 aquae
1238 3147 1385 3202 nihil
1435 3162 1631 3219 esset3
1673 3163 1734 3215 ut
1774 3150 2009 3208 exerci-

197 3234 281 3277 tus
333 3222 444 3294 ejus
481 3222 732 3298 jejunus,
766 3228 861 3299 qui
893 3244 928 3281 a
957 3242 1164 3301 quarta
1197 3228 1402 3301 vigilia
1426 3244 1595 3302 nsque
1617 3228 1686 3283 ad
1721 3229 1921 3287 horam
1950 3248 2004 3288 x.

191 3302 300 3357 diei
326 3302 470 3362 nihil
499 3318 820 3383 gustasset,
851 3322 920 3364 ac
944 3306 1198 3383 jumenta
1241 3306 1343 3365 siti
1372 3308 1649 3385 perirent.
1694 3306 1839 3366 Cum
1888 3310 2003 3386 jam
2046 3320 2130 3387 70
