2459 3834
819 73 1237 142 &tiana
1324 87 1379 139 n
1515 75 1569 86 ''
1925 77 2030 171 27

163 173 329 231 'dere
351 170 754 243 'illis‘iiceret3
789 185 932 226 neve
981 167 1204 224 'AEduos
1244 165 1456 241 injuria
1490 167 1796 224 lacesseret
1824 169 1845 240 ζ
1882 167 2029 228 neve‘

174 255 308 327 his,
329 253 614 327 sociisque
638 265 833 307 eorum
861 249 1070 306 bellum
1091 247 1335 304 inferret
1356 263 1373 304 ε
1396 247 1446 302 si
1476 247 1535 301 id
1569 247 1655 303 ita
1678 247 1929 321 fecisset,
1947 251 2031 306 siz.

177 335 247 390 bi
265 375 288 407 ‚
325 335 646 408 populoque
663 332 832 388 Rom.
865 339 1200 404 perpetuam
1219 327 1491 404 gratiam,
1516 339 1688 401 atque
1706 329 2030 386 amicitiam

181 427 324 470 cum
344 417 414 470 eo·
445 413 737 484 futuram3
765 411 814 466 si
849 425 959 467 non
989 409 1331 481 impetraret
1352 407 1657 482 (quoniam
1673 404 1735 453 ⁶⁴
1762 407 1851 464 M.
1866 408 2030 466 Mes-

177 495 340 550 sana
363 505 383 564 ·,
423 492 517 548 M.
549 491 756 548 Pisone
786 487 948 577 Cosst
980 488 1553 544 senatus-censuisset
1571 527 1590 559 ‚
1618 488 1707 542 uti
1729 525 1749 560 ,
1768 489 2030 562 quicum-

181 587 308 646 que
327 571 583 629 Galliam
617 571 968 644 provinciam
1000 569 1291 624 obtineret
1317 607 1338 640 ‚
1364 567 1517 641 quod
1548 569 1851 625 commodo
1880 570 2027 643 reipi

187 651 396 708 faeere
428 664 611 726 posset
633 692 653 722 ,
683 649 932 722 AEduos,
953 661 1299 722 caeterosque
1318 648 1534 703 amieos
1564 663 1695 720 pop.
1726 647 1900 705 Rom.
1927 651 2033 707 dea
2127 711 2136 718 ,

183 731 502 803 fenderet)
538 747 598 788 se
632 729 948 787 AEduorum
980 729 1218 803 injurias
1264 745 1375 784 non
1408 730 1871 802 neglecturum„
1932 727 2027 788 Ad
2070 719 2149 800 3⁶

176 812 319 868 'hisee
337 810 664 868 Ariovistus
691 811 984 884 respondit
1002 823 1028 865 ἐ
1057 809 1204 880 “Jus
1224 823 1348 863 esse
1367 807 1528 878 belli,
1550 819 1634 879 ut,
1654 808 1751 882 qui
1772 809 2035 886 vicisset,

182 888 272 948 i‘is
293 931 313 962 ,
333 907 474 965 quos
508 892 779 946 vicissent
796 930 816 961 ,
844 889 1319 964 quemadmodum
1370 890 1583 942 vellent
1607 928 1629 959 ‚
1656 887 2029 961 imperarent:

161 970 342 1034 item
363 973 638 1044 populum
669 970 840 1026 Rom.
877 969 1052 1025 victis
1083 985 1195 1024 non
1225 968 1302 1024 ad
1343 968 1578 1024 alterius
1618 969 2034 1045 praescriptum,

193 1051 300 1105 sed
327 1051 399 1105 ad
430 1067 587 1106 suum
611 1047 914 1105 arbitrium
937 1049 1220 1120 imperare
1246 1063 1578 1104 consuesse:
1601 1049 1651 1103 si
1677 1048 1801 1119 ipse
1824 1053 2032 1124 populo

193 1129 371 1202 Rom.
397 1145 506 1185 non
531 1127 943 1203 praescriberet,
970 1129 1443 1202 quemadmodum
1468 1143 1572 1184 suo
1596 1126 1719 1202 jure
1750 1127 2033 1205 uteretur,

194 1212 328 1266 non‘
361 1223 630 1282 oportere
667 1225 728 1264 se
775 1225 810 1264 a
862 1211 1070 1281 populo
1098 1208 1271 1264 Rom.
1317 1209 1377 1264 in
1426 1223 1527 1263 suo
1569 1205 1693 1280 jure
1732 1207 2027 1282 impediri:

195 1289 425 1346 AEduos
444 1289 584 1360 sibi,
611 1289 874 1362 quoniam
904 1288 1040 1344 belli
1069 1286 1359 1344 fortunam
1384 1298 1701 1342 tentassent
1722 1326 1742 1357 ,
1765 1299 1825 1342 et
1848 1290 2030 1348 armis

183 1369 534 1443 congressi-5
579 1385 648 1423 ac
677 1369 927 1442 superati
957 1377 1146 1423 essent
1166 1407 1186 1438 ,
1215 1366 1623 1439 stipendiarios
1650 1383 1791 1422 -esse
1818 1367 2031 1442 factos;

189 1463 458 1522 magnam
479 1445 760 1503 Caesarem
801 1447 1068 1524 injuriam
1102 1448 1293 1504 facere
1314 1485 1336 1517 ,
1379 1445 1475 1520 qui
1500 1445 1603 1502 sub
1637 1446 1885 1502 adventu
1912 1463 2030 1518 veg-

194 1528 434 1600 etigalia
454 1529 564 1582 sibi
593 1528 884 1584 deteriora
915 1526 1377 1586 faceret.AEduis
1406 1543 1467 1581 se
1496 1524 1725 1584 obsides
1755 1527 2027 1583 redditu·-

186 1623 321 1662 rum
359 1621 466 1663 non
487 1623 638 1664 esse:
669 1625 849 1680 neque
874 1608 947 1664 iis
969 1648 988 1679 ,
1021 1623 1202 1682 neque
1231 1622 1427 1663 eorum
1458 1603 1863 1681 sociis-injuria
1892 1607 2028 1662 bel-

191 1689 314 1741 lum
355 1687 650 1743 illaturum
674 1727 694 1758 ,
741 1688 793 1743 si
823 1688 881 1742 in
905 1705 976 1744 eo
1003 1697 1303 1742 manerent
1320 1724 1342 1757 ,
1371 1683 1431 1730 ⁶⁵
1454 1685 1603 1758 quod
1642 1685 2027 1762 convenisset,

193 1768 654 1841 stipendiumque
694 1768 996 1842 quotannis
1045 1765 1395 1841 penderent:
1442 1766 1491 1822 si
1540 1765 1601 1820 id
1632 1781 1743 1822 non
1774 1765 2026 1842 fecisset,

183 1848 359 1919 ionge
379 1848 454 1902 iis
476 1847 789 1902 fraternum
822 1857 1027 1903 nomen
1061 1847 1255 1920 populi
1285 1845 1462 1902 Rom.-
1486 1844 1829 1908 abfuturum.
1842 1845 2025 1920 'Quod

179 1925 296 1980 sibi
319 1923 508 1983 Caesar
531 1927 896 1982 denuntiaret
916 1967 936 1998 ,
979 1926 1043 1982 se*
1059 1925 1377 1982 AEduorum
1400 1923 1635 2000 injurias
1663 1941 1777 2001 non
1817 1929 2025 2002 negle-

185 2017 435 2080 cturum,
449 2007 736 2062 'neminem
758 2023 946 2063 secum
967 2007 1091 2062 sine
1111 2009 1210 2062 su'a
1223 2005 1477 2079 pernicie
1496 2006 1877 2062 contendisse:
1888 2020 2025 2064 cum

186 2087 368 2140 vellet
393 2126 413 2156 ,
447 2086 890 2160 congrederetur
915 2103 930 2144 :
961 2087 1385 2142 intellecturum
1406 2123 1428 2158 ‚
1452 2085 1590 2158 quid
1617 2085 1828 2141 invicti
1856 2083 2022 2143 G'er-

181 2166 346 2220 mani
366 2204 386 2237 ,
415 2166 882 2224 exercitatissimi
911 2165 974 2220 in
1005 2166 1182 2221 armis
1201 2205 1222 2239 ,
1253 2165 1351 2239 qui
1379 2166 1549 2220 intra·
1570 2179 1751 2222 annos
1772 2183 1892 2222 xtvz
1915 2179 2018 2223 te·-

186 2255 345 2299 ctum
377 2261 488 2302 non
517 2245 832 2318 subissent,
851 2245 1074 2301 virtute
1105 2256 1355 2318 possent.
1370 2284 1411 2317 ,‚
1449 2244 1587 2299 Haec'
1608 2246 1814 2301 eodem
1856 2257 2015 2302 tem·-
2056 2253 2141 2318 37

185 2339 331 2396 pore
349 2321 566 2381 Caesari
589 2326 856 2382 mandata
883 2324 1310 2382 referebantur:
1332 2337 1391 2380 et
1421 2323 1595 2400 legati
1618 2325 1689 2379 ab
1710 2325 1937 2398 AEduis,
1958 2337 2019 2384 et

184 2401 452 2460 Treviris
481 2405 827 2461 veniebant:
861 2405 1038 2464 AEdui
1069 2417 1329 2479 questum
1351 2443 1371 2476 ,
1399 2404 1549 2478 quod
1580 2403 1839 2465 Harudes
1858 2446 1879 2477 ‚
1906 2407 2021 2480 ,qui

181 2499 266 2538 rm
275 2501 370 2554 per
396 2486 458 2539 in
475 2483 732 2554 Galliam
755 2485 1134 2555 transportati
1157 2497 1369 2555 essent,
1388 2483 1530 2540 fines
1549 2499 1747 2540 eorum
1768 2490 2023 2560 popula·-

190 2577 433 2618 rentur:
464 2580 583 2620 sese
614 2582 685 2620 ne
725 2565 1275 2638 obsidibusquidem
1314 2565 1467 2621 datis
1498 2579 1713 2639 pacem·
1730 2564 2022 2624 Ariovisti

191 2643 480 2698 redirnere
503 2644 788 2718 potuisse:
811 2643 1044 2703 TrevIri
1075 2658 1266 2703 autem
1288 2683 1310 2718 ‚
1339 2640 1399 2681 ⁶⁶
1434 2661 1609 2720 pagos
1628 2659 1857 2703 centum
1879 2645 2022 2704 Sue·

190 2826 197 2832 -
255 2801 325 2862 64
386 2808 466 2852 M
496 2808 746 2852 Messana
763 2839 779 2864 ‚
801 2801 879 2853 M.
899 2807 1074 2854 Pisone
1121 2783 1319 2866 -gormn
1340 2803 1565 2853 delectos
1587 2839 1603 2863 ‚
1644 2815 1769 2854 nam
1810 2813 2022 2918 centuss

179 2866 398 2919 :cos-S.)
427 2865 778 2927 Bimuio.post
799 2867 1074 2917 Ciceronis:
1137 2869 1350 2916 omnino
1399 2867 1519 2928 pagi
1564 2871 1845 2916 suevorum
1866 2873 1915 2925 ·(
1946 2883 1973 2916 s

193 2926 480 2989 itidemque
532 2929 735 2977 biennio
756 2940 886 2980 ante
907 2933 1076 2980 Caesa-
1137 2933 1315 2980 Cattos
1342 2933 1511 2980 Caesar
1538 2931 1967 2991 vocat->fuum
1984 2945 2021 2982 e

193 2990 265 3040 ris
292 2993 630 3042 consulatum.
1139 2993 1323 3056 quibus
1358 2993 1627 3054 quotannis
1674 2995 1870 3056 singula
1905 2996 2021 3044 mii·

259 3053 325 3112 ⁶5
388 3057 522 3113 ,Quod
541 3056 904 3112 convenisset.)
939 3057 1078 3106 Male
1139 3059 1212 3106 lia
1234 3063 1557 3106 armatorum
1580 3057 1956 3119 educebantur,
1986 3059 2025 3108 1.

193 3116 403 3177 quidam
441 3117 598 3175 libri,
633 3121 975 3167 convenissent.
998 3119 1080 3170 sic
1141 3134 1194 3180 4.
1221 3123 1423 3167 ineunte.
1478 3123 1551 3166 De
1566 3123 1715 3179 pagis
1740 3133 1889 3181 supra
1936 3122 2027 3170 dis-

197 3179 334 3228 enim
357 3179 638 3228 dicendum
657 3181 835 3230 fuisset
850 3217 865 3242 ,
879 3186 926 3229 in
945 3199 1048 3244 quo.
1141 3191 1285 3232 ctum
1311 3181 1379 3229 'in
1399 3182 1632 3231 Helvetia
1655 3197 1668 3230 ε
1710 3196 2031 3248 quamquam

269 3241 332 3290 66
399 3249 561 3302 Pagos
582 3255 760 3292 centum
781 3244 1082 3300 suevorum.)
1143 3249 1519 3295 Germanorum
1548 3245 1665 3308 pagi
1693 3248 1913 3297 minores
1938 3249 2029 3298 vi·-

205 3303 403 3356 Miiites
425 3319 492 3357 ex
519 3305 730 3370 singulis
749 3317 954 3360 centum
983 3319 1086 3374 pa·-
1145 3309 1395 3374 deantur,
1414 3321 1577 3374 quam
1591 3308 1965 3366 Helvetiorum.
