2459 3834
902 128 950 181 1.
978 131 1009 179 1
1036 128 1089 179 Β
1120 130 1169 181 13
1198 128 1262 179 R.
1361 129 1453 180 11.
1903 130 2050 213 343

172 218 471 284 ‚plastrum
502 226 561 263 v.
609 207 836 283 equites
864 210 1182 266 eonvenit-
1165 249 1188 281 ,
1240 224 1364 263 rem
1395 206 1618 281 gesta'm
1641 212 1952 285 cognovit:
1985 232 2056 274 ex

201 292 457 364 captivis
484 291 692 364 quaerit
716 328 736 361 ,
786 292 919 363 quis
944 291 1153 345 castris
1192 290 1266 344 ad
1297 290 1620 362 Bagradam
1655 293 1866 362 praesit.
1923 294 2056 349 Re-

200 372 536 461 spondent,
570 368 865 427 Saburam.
910 371 1205 443 Reliqua,
1249 371 1442 425 studio
1477 372 1706 426 itineris
1729 371 2058 428 conficien-

200 452 257 507 di
280 492 305 522 ,
346 468 615 523 quarere
645 452 1041 523 pretermittit
1062 490 1085 523 ‚
1112 452 1490 524 proximaque
1523 453 1838 525 respiciens
1870 454 2059 529 signa,

191 533 236 565 “
249 531 610 602 Videtisne,
632 531 863 607 inquit,
894 533 1149 601 milites,
1178 534 1540 603 captivorum
1567 535 1893 589 orationem
1923 552 2057 591 cum

188 612 467 685 perfugis
494 607 847 669 convenire?
874 610 1113 691 ‘Abesse
1162 628 1360 685 regem
1381 652 1401 685 ,
1437 614 1676 687 exiguas
1705 631 1830 670 esse
1857 617 2059 688 copias

163 693 453 762 ,missas,
482 709 601 765 quae
646 691 843 765 paucis
882 692 1175 765 equitibus
1218 709 1383 763 pares
1415 710 1540 749 esse
1583 710 1694 749 non
1727 708 2058 767 potueruut.

188 770 467 829 Proinde
510 773 585 827 ad
648 772 891 842 predam
913 810 933 843 ,
986 772 1059 825 ad
1118 773 1364 848 gloriam
1419 786 1725 846 properate
1751 792 1767 831 ε
1819 789 1882 831 ut
1941 776 2061 851 jam

194 851 279 907 de
336 852 581 922 praemiis
607 852 859 924 vestris,
913 864 973 907 et
1002 853 1075 907 de
1114 851 1420 909 referenda
1449 855 1641 929 gratia
1671 855 1934 929 cogitare
1963 856 2060 915 in.

804 1089 1186 1149 CAPUT
1311 1092 1450 1153 XV.

188 1253 471 1331 Equites
502 1250 773 1309 Curionis
802 1270 904 1324 ea,
924 1270 1049 1329 quae
1065 1263 1406 1329 gesserant,
1435 1252 1707 1312 laudibus
1736 1256 2050 1321 extollunt.

188 1334 373 1407 Juba
428 1336 649 1389 certior
680 1332 889 1405 suctus
920 1351 955 1389 a
976 1330 1213 1389 Sabura
1245 1336 1319 1389 de
1351 1334 1562 1405 praelio
1587 1374 1606 1404 ,
1647 1338 1964 1392 subsidium
1997 1340 2054 1395 ei

190 1414 419 1471 mittit.
458 1413 508 1471 S
510 1414 693 1469 abura
722 1414 919 1486 copias
948 1413 1191 1473 instruit
1214 1452 1231 1474 ,
1291 1416 1493 1487 quibus
1533 1417 1788 1489 quaedam
1819 1420 2057 1472 manda-

190 1505 269 1551 ta
314 1496 445 1549 dat.
514 1492 567 1549 C
647 1496 690 1548 ὀ
738 1495 935 1566 copias
998 1496 1061 1549 in
1121 1506 1376 1565 campum
1449 1495 1706 1549 deducit.
1768 1496 2056 1573 Utrinque

192 1573 501 1629 militibus
662 1586 919 1651 pugnam
975 1575 1262 1629 excitatis
1286 1613 1305 1644 ‚
1343 1576 1724 1630 committitur
1767 1578 2054 1647 praelium.
2085 1640 2092 1655 ἱ

194 1652 484 1713 Curionis
526 1653 751 1711 milites
792 1666 915 1709 tum
968 1655 1214 1723 timore,
1261 1665 1380 1709 tum
1423 1672 1612 1711 rerum
1653 1657 1844 1730 iniquo
1890 1668 2057 1715 statu

366 1733 711 1793 turbantur..
746 1731 921 1793 Curru
956 1752 1069 1791 una
1128 1752 1254 1789 cum
1293 1735 1551 1792 omnibus
1601 1736 1895 1793 milatibus

994 1816 1303 1871 occ-aditur.

298 1904 543 2033 Erant
574 1992 672 2048 per
700 1994 767 2033 se
794 1992 1003 2051 magua
1027 2016 1045 2046 ,
1092 1994 1213 2049 quae
1267 1988 1563 2049 gesserant
1597 1978 1826 2051 equites
1849 2020 1869 2051 ‚
1909 1997 2066 2051 ρω-

204 2056 423 2113 sertim
454 2074 583 2111 cum
611 2074 813 2113 eorum
841 2059 1077 2129 exiguus
1128 2074 1392 2113 numerus
1419 2074 1551 2113 cum
1587 2072 1754 2113 tanta
1789 2062 2066 2115 multitu-

204 2138 355 2195 dine
382 2138 769 2193 Numidarum
801 2136 1185 2194 conferretur.
1228 2138 1366 2191 Haec
1400 2152 1591 2193 tamen
1621 2139 1694 2191 ab
1725 2140 1867 2211 ipsis
1900 2140 2065 2195 infia-

210 2218 335 2273 tius
384 2219 986 2274 commemorabantur
1008 2258 1027 2288 ‚
1058 2230 1117 2271 ut
1148 2217 1221 2272 de
1253 2219 1370 2273 suis
1401 2218 1664 2273 homines
1693 2220 1949 2273 laudibus
1995 2221 2069 2275 li-

213 2296 419 2355 benter
455 2299 788 2371 praedicant.
820 2297 1015 2353 Multa
1058 2309 1334 2369 praeterea
1365 2300 1550 2369 spolia
1599 2298 2073 2373 praeferebantur3

204 2380 373 2451 capti
419 2379 689 2435 homines
730 2417 750 2449 ‚
803 2380 1135 2452 equitesque
1192 2377 1695 2450 producebantur,
1747 2393 1806 2433 ut
1891 2380 2071 2452 quid..

204 2459 351 2531 qui‘d
394 2458 787 2515 intercederet
840 2458 1159 2530 temporis,
1204 2458 1316 2512 hee
1345 2464 1516 2515 outae
1564 2460 1876 2515 victoriam
1933 2478 2073 2516 mo-

208 2538 336 2593 rari
387 2540 704 2597 videretur.
761 2538 851 2595 lta
900 2538 1025 2611 spei
1079 2536 1355 2595 Curionis
1411 2540 1664 2594 militum
1711 2540 1902 2595 studia
1953 2556 2068 2597 non

212 2618 479 2675 deerant.
541 2619 785 2693 Equites
833 2620 993 2691 sequi
1040 2616 1197 2692 jubet
1253 2636 1375 2673 sese
1409 2658 1428 2689 ‚
1478 2621 1703 2691 iterque
1754 2623 2070 2693 accelerat,

217 2710 285 2753 ut
314 2717 487 2772 quam
529 2702 778 2756 maxime
808 2716 879 2755 ex
908 2699 1041 2772 fuga
1088 2700 1433 2771 perterritos
1485 2699 1705 2753 adoriri
1741 2712 1952 2771 posset.
1987 2700 2072 2756 At

210 2778 311 2834 illi
343 2781 557 2835 itinere
600 2782 779 2837 totius
812 2780 998 2836 noctis
1042 2779 1292 2835 confecti
1331 2779 1597 2851 subsequi
1630 2795 1742 2832 non
1777 2792 2074 2853 poterant;

216 2872 401 2933 atque
446 2862 549 2916 alii
608 2862 726 2918 alio
776 2864 903 2917 loco
954 2860 1322 2915 resistebant.
1368 2859 1463 2913 Ne
1516 2860 1635 2912 haec
1681 2859 1918 2930 quidem
1970 2878 2071 2917 res
2101 2860 2182 2937 4b

216 2936 538 2997 Curionem
570 2942 642 2997 ab
694 2958 796 3014 spe
834 2941 1185 2997 morabatur.
1241 2940 1277 3011 J
1283 2939 1390 2995 uba
1429 2940 1649 2993 certior
1679 2937 1865 2993 factus
1907 2954 1939 2993 a
1971 2938 2074 2996 Sa-

220 3017 364 3075 bura
416 3022 490 3077 de
544 3034 825 3079 nocturno
876 3020 1117 3093 praeliO,
1174 3038 1265 3076 ιι.
1317 3020 1503 3075 millia
1535 3018 1926 3089 Hispanorum
1956 3058 1976 3091 ‚
2015 3034 2077 3079 et

221 3097 529 3158 Gallorum
576 3103 833 3176 equitum
855 3141 877 3173 ,
924 3118 1067 3175 quos
1098 3118 1207 3155 suae
1251 3100 1527 3157 custodiae
1559 3116 1730 3153 causa
1765 3100 1986 3155 circum
2014 3118 2077 3159 se

222 3180 440 3239 habere
489 3194 863 3239 consueverat
888 3222 907 3251 ,
936 3194 995 3237 et
1029 3182 1286 3253 peditum
1335 3197 1463 3235 eam
1509 3193 1734 3251 partem
1762 3217 1784 3249 ,
1813 3181 1906 3237 cui
1937 3198 2074 3240 ma-

221 3263 384 3318 xime
430 3261 759 3320 confidebat
791 3302 812 3333 ,
853 3260 1080 3317 Saburae
1124 3261 1438 3317 submittit.
1491 3261 1624 3333 lpse
1671 3276 1804 3315 cum
1837 3261 2077 3335 reliquis

220 3344 411 3419 copiis
430 3384 454 3419 ‚
482 3342 925 3421 elephantisque
970 3359 1059 3401 κε..
1104 3342 1315 3400 lentius
1345 3340 1706 3417 subsequitur
1731 3380 1755 3415 ‚
1803 3342 2079 3419 suspica-
