<?xml version="1.0" encoding="UTF-8"?>
<!DOCTYPE html PUBLIC "-//W3C//DTD XHTML 1.0 Transitional//EN"
    "http://www.w3.org/TR/xhtml1/DTD/xhtml1-transitional.dtd">
<html xmlns="http://www.w3.org/1999/xhtml" xml:lang="en" lang="en">
 <head>
  <title>
</title>
<meta http-equiv="Content-Type" content="text/html;charset=utf-8" />
  <meta name='ocr-system' content='tesseract 3.04.00' />
  <meta name='ocr-capabilities' content='ocr_page ocr_carea ocr_par ocr_line ocrx_word'/>
</head>
<body>
  <div class='ocr_page' id='page_1' title='image "./cjuliicsariscom00lagogoog_0398.png"; bbox 0 0 2459 3834; ppageno 0'>
   <div class='ocr_carea' id='block_1_1' title="bbox 348 85 2226 1060">
    <p class='ocr_par' dir='ltr' id='par_1_1' title="bbox 384 85 1642 182">
     <span class='ocr_line' id='line_1_1' title="bbox 384 85 1642 182; baseline -0.005 -24"><span class='ocrx_word' id='word_1_1' title='bbox 384 85 537 182; x_wconf 79' lang='lat'>388</span> <span class='ocrx_word' id='word_1_2' title='bbox 951 107 1054 156; x_wconf 82' lang='lat' dir='ltr'>m:</span> <span class='ocrx_word' id='word_1_3' title='bbox 1104 105 1354 166; x_wconf 60' lang='lat' dir='ltr'>nunno</span> <span class='ocrx_word' id='word_1_4' title='bbox 1402 95 1642 156; x_wconf 60' lang='grc' dir='ltr'>εἶναι</span> 
     </span>
    </p>

    <p class='ocr_par' dir='ltr' id='par_1_2' title="bbox 348 180 2226 1060">
     <span class='ocr_line' id='line_1_2' title="bbox 378 180 2224 262; baseline 0.001 -22"><span class='ocrx_word' id='word_1_5' title='bbox 378 190 521 242; x_wconf 78' lang='lat' dir='ltr'>valli</span> <span class='ocrx_word' id='word_1_6' title='bbox 560 187 851 262; x_wconf 52' lang='lat' dir='ltr'>ameria</span> <span class='ocrx_word' id='word_1_7' title='bbox 888 187 1264 242; x_wconf 84' lang='lat' dir='ltr'>latitudinem</span> <span class='ocrx_word' id='word_1_8' title='bbox 1316 185 1572 256; x_wconf 79' lang='lat' dir='ltr'>patebat.</span> <span class='ocrx_word' id='word_1_9' title='bbox 1611 181 1708 236; x_wconf 82' lang='lat' dir='ltr'>Ab</span> <span class='ocrx_word' id='word_1_10' title='bbox 1750 197 1821 239; x_wconf 79' lang='lat' dir='ltr'>eo</span> <span class='ocrx_word' id='word_1_11' title='bbox 1847 220 1872 254; x_wconf 91' lang='lat'><strong><em>,</em></strong></span> <span class='ocrx_word' id='word_1_12' title='bbox 1905 180 2224 241; x_wconf 82' lang='lat' dir='ltr'>intermis—</span> 
     </span>
     <span class='ocr_line' id='line_1_3' title="bbox 378 261 2226 340; baseline -0.001 -16"><span class='ocrx_word' id='word_1_13' title='bbox 378 283 448 324; x_wconf 74' lang='lat' dir='ltr'>so</span> <span class='ocrx_word' id='word_1_14' title='bbox 494 269 689 340; x_wconf 80' lang='lat' dir='ltr'>spatio</span> <span class='ocrx_word' id='word_1_15' title='bbox 742 268 953 338; x_wconf 84' lang='lat' dir='ltr'>pedum</span> <span class='ocrx_word' id='word_1_16' title='bbox 1002 285 1137 334; x_wconf 60' lang='lat' dir='ltr'>nc„</span> <span class='ocrx_word' id='word_1_17' title='bbox 1168 269 1321 318; x_wconf 86' lang='lat' dir='ltr'>alter</span> <span class='ocrx_word' id='word_1_18' title='bbox 1383 280 1692 320; x_wconf 83' lang='lat' dir='ltr'>conversus</span> <span class='ocrx_word' id='word_1_19' title='bbox 1735 261 1798 317; x_wconf 89' lang='lat' dir='ltr'>in</span> <span class='ocrx_word' id='word_1_20' title='bbox 1864 267 2226 324; x_wconf 83' lang='lat' dir='ltr'>contrariam</span> 
     </span>
     <span class='ocr_line' id='line_1_4' title="bbox 379 344 2220 427; baseline 0 -26"><span class='ocrx_word' id='word_1_21' title='bbox 379 360 609 427; x_wconf 73' lang='lat' dir='ltr'>partem</span> <span class='ocrx_word' id='word_1_22' title='bbox 660 361 787 402; x_wconf 88' lang='lat' dir='ltr'>erat</span> <span class='ocrx_word' id='word_1_23' title='bbox 837 348 1063 416; x_wconf 82' lang='lat' dir='ltr'>vallus,</span> <span class='ocrx_word' id='word_1_24' title='bbox 1110 345 1423 400; x_wconf 88' lang='lat' dir='ltr'>humiliore</span> <span class='ocrx_word' id='word_1_25' title='bbox 1469 346 1656 417; x_wconf 83' lang='lat' dir='ltr'>paullo</span> <span class='ocrx_word' id='word_1_26' title='bbox 1695 344 2038 399; x_wconf 85' lang='lat' dir='ltr'>munitione.</span> <span class='ocrx_word' id='word_1_27' title='bbox 2085 347 2220 402; x_wconf 86' lang='lat' dir='ltr'>Hoc</span> 
     </span>
     <span class='ocr_line' id='line_1_5' title="bbox 381 421 2213 500; baseline 0.002 -20"><span class='ocrx_word' id='word_1_28' title='bbox 381 427 541 482; x_wconf 87' lang='lat' dir='ltr'>enim</span> <span class='ocrx_word' id='word_1_29' title='bbox 584 427 975 500; x_wconf 80' lang='lat' dir='ltr'>superioribus</span> <span class='ocrx_word' id='word_1_30' title='bbox 1024 425 1225 481; x_wconf 88' lang='lat' dir='ltr'>diebus</span> <span class='ocrx_word' id='word_1_31' title='bbox 1271 425 1484 478; x_wconf 86' lang='lat' dir='ltr'>timens</span> <span class='ocrx_word' id='word_1_32' title='bbox 1543 421 1735 478; x_wconf 82' lang='lat' dir='ltr'>Caesar</span> <span class='ocrx_word' id='word_1_33' title='bbox 1761 463 1784 495; x_wconf 90' lang='lat'><strong>,</strong></span> <span class='ocrx_word' id='word_1_34' title='bbox 1843 441 1913 478; x_wconf 86' lang='lat' dir='ltr'>ne</span> <span class='ocrx_word' id='word_1_35' title='bbox 1969 425 2213 483; x_wconf 77' lang='lat' dir='ltr'>navibus</span> 
     </span>
     <span class='ocr_line' id='line_1_6' title="bbox 378 503 2215 576; baseline 0 -16"><span class='ocrx_word' id='word_1_36' title='bbox 378 510 567 562; x_wconf 80' lang='lat' dir='ltr'>nostri</span> <span class='ocrx_word' id='word_1_37' title='bbox 608 507 1165 562; x_wconf 81' lang='lat' dir='ltr'>circumvenirentur</span> <span class='ocrx_word' id='word_1_38' title='bbox 1195 545 1215 575; x_wconf 90' lang='lat'><strong>,</strong></span> <span class='ocrx_word' id='word_1_39' title='bbox 1245 505 1536 576; x_wconf 73' lang='lat' dir='ltr'><strong>duplicem</strong></span> <span class='ocrx_word' id='word_1_40' title='bbox 1566 519 1636 558; x_wconf 90' lang='lat' dir='ltr'>eo</span> <span class='ocrx_word' id='word_1_41' title='bbox 1667 506 1799 560; x_wconf 89' lang='lat' dir='ltr'>loco</span> <span class='ocrx_word' id='word_1_42' title='bbox 1827 503 2046 559; x_wconf 83' lang='lat' dir='ltr'>fecerat</span> <span class='ocrx_word' id='word_1_43' title='bbox 2079 509 2215 560; x_wconf 84' lang='lat' dir='ltr'>val-</span> 
     </span>
     <span class='ocr_line' id='line_1_7' title="bbox 376 583 2217 658; baseline 0.001 -18"><span class='ocrx_word' id='word_1_44' title='bbox 376 587 542 658; x_wconf 76' lang='lat' dir='ltr'>lum3</span> <span class='ocrx_word' id='word_1_45' title='bbox 584 601 689 658; x_wconf 87' lang='lat' dir='ltr'>ut,</span> <span class='ocrx_word' id='word_1_46' title='bbox 726 586 777 641; x_wconf 86' lang='lat' dir='ltr'>si</span> <span class='ocrx_word' id='word_1_47' title='bbox 822 586 1073 658; x_wconf 80' lang='lat' dir='ltr'>ancipiti</span> <span class='ocrx_word' id='word_1_48' title='bbox 1120 583 1318 658; x_wconf 76' lang='lat' dir='ltr'>praelio</span> <span class='ocrx_word' id='word_1_49' title='bbox 1353 583 1772 654; x_wconf 82' lang='lat' dir='ltr'>dimicaretur,</span> <span class='ocrx_word' id='word_1_50' title='bbox 1824 597 2016 656; x_wconf 84' lang='lat' dir='ltr'>posset</span> <span class='ocrx_word' id='word_1_51' title='bbox 2056 586 2217 641; x_wconf 87' lang='lat' dir='ltr'>resi-</span> 
     </span>
     <span class='ocr_line' id='line_1_8' title="bbox 373 664 2220 740; baseline -0.001 -18"><span class='ocrx_word' id='word_1_52' title='bbox 373 667 474 722; x_wconf 79' lang='lat' dir='ltr'>sti.</span> <span class='ocrx_word' id='word_1_53' title='bbox 522 665 633 720; x_wconf 89' lang='lat' dir='ltr'>Sed</span> <span class='ocrx_word' id='word_1_54' title='bbox 662 683 903 739; x_wconf 86' lang='lat' dir='ltr'>operum</span> <span class='ocrx_word' id='word_1_55' title='bbox 942 664 1279 740; x_wconf 79' lang='lat' dir='ltr'>magnitudo</span> <span class='ocrx_word' id='word_1_56' title='bbox 1299 703 1321 734; x_wconf 88' lang='lat'>,</span> <span class='ocrx_word' id='word_1_57' title='bbox 1361 680 1422 720; x_wconf 91' lang='lat' dir='ltr'>et</span> <span class='ocrx_word' id='word_1_58' title='bbox 1453 664 1759 720; x_wconf 86' lang='lat' dir='ltr'>continens</span> <span class='ocrx_word' id='word_1_59' title='bbox 1787 664 2046 720; x_wconf 86' lang='lat' dir='ltr'>omnium</span> <span class='ocrx_word' id='word_1_60' title='bbox 2073 665 2220 721; x_wconf 91' lang='lat' dir='ltr'>die-</span> 
     </span>
     <span class='ocr_line' id='line_1_9' title="bbox 368 743 2216 820; baseline 0.001 -18"><span class='ocrx_word' id='word_1_61' title='bbox 368 762 503 802; x_wconf 75' lang='lat' dir='ltr'>tum</span> <span class='ocrx_word' id='word_1_62' title='bbox 558 746 721 802; x_wconf 87' lang='lat' dir='ltr'>labor</span> <span class='ocrx_word' id='word_1_63' title='bbox 750 785 773 818; x_wconf 87' lang='lat'>,</span> <span class='ocrx_word' id='word_1_64' title='bbox 817 747 989 820; x_wconf 87' lang='lat' dir='ltr'>quod.</span> <span class='ocrx_word' id='word_1_65' title='bbox 1038 745 1225 800; x_wconf 90' lang='lat' dir='ltr'>millia</span> <span class='ocrx_word' id='word_1_66' title='bbox 1291 762 1551 816; x_wconf 80' lang='lat' dir='ltr'>passuum</span> <span class='ocrx_word' id='word_1_67' title='bbox 1605 745 1668 798; x_wconf 86' lang='lat' dir='ltr'>in</span> <span class='ocrx_word' id='word_1_68' title='bbox 1726 743 1977 800; x_wconf 84' lang='lat' dir='ltr'>circuitu</span> <span class='ocrx_word' id='word_1_69' title='bbox 2035 762 2216 804; x_wconf 78' lang='lat' dir='ltr'>xvnr.</span> 
     </span>
     <span class='ocr_line' id='line_1_10' title="bbox 368 823 2214 897; baseline -0.001 -13"><span class='ocrx_word' id='word_1_70' title='bbox 368 826 725 884; x_wconf 80' lang='lat' dir='ltr'>munitiones</span> <span class='ocrx_word' id='word_1_71' title='bbox 772 839 899 880; x_wconf 73' lang='lat' dir='ltr'>orat</span> <span class='ocrx_word' id='word_1_72' title='bbox 946 828 1276 897; x_wconf 78' lang='lat' dir='ltr'>complexus</span> <span class='ocrx_word' id='word_1_73' title='bbox 1306 863 1326 895; x_wconf 92' lang='lat'>‚</span> <span class='ocrx_word' id='word_1_74' title='bbox 1383 823 1721 897; x_wconf 80' lang='lat' dir='ltr'>perficiendi</span> <span class='ocrx_word' id='word_1_75' title='bbox 1787 827 2040 896; x_wconf 87' lang='lat' dir='ltr'>spatium</span> <span class='ocrx_word' id='word_1_76' title='bbox 2093 843 2214 883; x_wconf 84' lang='lat' dir='ltr'>non</span> 
     </span>
     <span class='ocr_line' id='line_1_11' title="bbox 368 905 2222 980; baseline 0.001 -21"><span class='ocrx_word' id='word_1_77' title='bbox 368 905 565 965; x_wconf 85' lang='lat' dir='ltr'>dabat.</span> <span class='ocrx_word' id='word_1_78' title='bbox 604 905 808 980; x_wconf 87' lang='lat' dir='ltr'>ltaque</span> <span class='ocrx_word' id='word_1_79' title='bbox 836 919 1041 968; x_wconf 82' lang='lat' dir='ltr'>contra</span> <span class='ocrx_word' id='word_1_80' title='bbox 1072 921 1230 960; x_wconf 88' lang='lat' dir='ltr'>mare</span> <span class='ocrx_word' id='word_1_81' title='bbox 1273 916 1662 959; x_wconf 85' lang='lat' dir='ltr'>transversum</span> <span class='ocrx_word' id='word_1_82' title='bbox 1693 906 1900 959; x_wconf 84' lang='lat' dir='ltr'>vallum</span> <span class='ocrx_word' id='word_1_83' title='bbox 1921 944 1940 976; x_wconf 84' lang='lat'>‚</span> <span class='ocrx_word' id='word_1_84' title='bbox 1968 907 2064 978; x_wconf 88' lang='lat' dir='ltr'>qui</span> <span class='ocrx_word' id='word_1_85' title='bbox 2099 907 2222 962; x_wconf 68' lang='lat' dir='ltr'>has</span> 
     </span>
     <span class='ocr_line' id='line_1_12' title="bbox 348 983 2206 1060; baseline 0.001 -19"><span class='ocrx_word' id='word_1_86' title='bbox 348 983 507 1056; x_wconf 48' lang='lat' dir='ltr'>,duas</span> <span class='ocrx_word' id='word_1_87' title='bbox 534 987 886 1042; x_wconf 84' lang='lat' dir='ltr'>munitiones</span> <span class='ocrx_word' id='word_1_88' title='bbox 925 987 1334 1060; x_wconf 78' lang='lat' dir='ltr'>contingeret,</span> <span class='ocrx_word' id='word_1_89' title='bbox 1373 985 1624 1040; x_wconf 88' lang='lat' dir='ltr'>nondum</span> <span class='ocrx_word' id='word_1_90' title='bbox 1665 983 2005 1056; x_wconf 78' lang='lat' dir='ltr'>perfecerat.</span> <span class='ocrx_word' id='word_1_91' title='bbox 2061 985 2206 1060; x_wconf 79' lang='lat' dir='ltr'>Quae</span> 
     </span>
    </p>
   </div>
   <div class='ocr_carea' id='block_1_2' title="bbox 364 1063 2206 1220">
    <p class='ocr_par' dir='ltr' id='par_1_3' title="bbox 364 1063 2206 1220">
     <span class='ocr_line' id='line_1_13' title="bbox 364 1063 2206 1138; baseline 0.001 -18"><span class='ocrx_word' id='word_1_92' title='bbox 364 1081 464 1120; x_wconf 83' lang='lat' dir='ltr'>res</span> <span class='ocrx_word' id='word_1_93' title='bbox 512 1079 651 1123; x_wconf 88' lang='lat' dir='ltr'>nota</span> <span class='ocrx_word' id='word_1_94' title='bbox 688 1080 817 1122; x_wconf 86' lang='lat' dir='ltr'>erat</span> <span class='ocrx_word' id='word_1_95' title='bbox 852 1064 1127 1138; x_wconf 68' lang='lat' dir='ltr'>Pompeio</span> <span class='ocrx_word' id='word_1_96' title='bbox 1146 1104 1167 1135; x_wconf 91' lang='lat'>‚</span> <span class='ocrx_word' id='word_1_97' title='bbox 1207 1065 1404 1118; x_wconf 80' lang='lat' dir='ltr'>delata</span> <span class='ocrx_word' id='word_1_98' title='bbox 1457 1080 1558 1136; x_wconf 82' lang='lat' dir='ltr'>per</span> <span class='ocrx_word' id='word_1_99' title='bbox 1609 1063 1952 1138; x_wconf 84' lang='lat' dir='ltr'>Allobroges</span> <span class='ocrx_word' id='word_1_100' title='bbox 1995 1066 2206 1136; x_wconf 83' lang='lat' dir='ltr'>perfu-</span> 
     </span>
     <span class='ocr_line' id='line_1_14' title="bbox 364 1145 2206 1220; baseline 0.001 -20"><span class='ocrx_word' id='word_1_101' title='bbox 364 1161 469 1218; x_wconf 75' lang='lat' dir='ltr'>gas</span> <span class='ocrx_word' id='word_1_102' title='bbox 488 1186 507 1216; x_wconf 92' lang='lat'>‚</span> <span class='ocrx_word' id='word_1_103' title='bbox 540 1162 928 1220; x_wconf 82' lang='lat' dir='ltr'>magnumque</span> <span class='ocrx_word' id='word_1_104' title='bbox 958 1145 1174 1202; x_wconf 85' lang='lat' dir='ltr'>nostris</span> <span class='ocrx_word' id='word_1_105' title='bbox 1211 1148 1490 1198; x_wconf 83' lang='lat' dir='ltr'>attulerat</span> <span class='ocrx_word' id='word_1_106' title='bbox 1528 1145 1977 1201; x_wconf 84' lang='lat' dir='ltr'>incommodum.</span> <span class='ocrx_word' id='word_1_107' title='bbox 2021 1145 2206 1220; x_wconf 86' lang='lat' dir='ltr'>Nam,</span> 
     </span>
    </p>
   </div>
   <div class='ocr_carea' id='block_1_3' title="bbox 225 1225 2200 2898">
    <p class='ocr_par' dir='ltr' id='par_1_4' title="bbox 225 1225 2200 2898">
     <span class='ocr_line' id='line_1_15' title="bbox 362 1225 2200 1300; baseline 0.001 -20"><span class='ocrx_word' id='word_1_108' title='bbox 362 1237 429 1280; x_wconf 89' lang='lat' dir='ltr'>ut</span> <span class='ocrx_word' id='word_1_109' title='bbox 460 1227 532 1280; x_wconf 91' lang='lat' dir='ltr'>ad</span> <span class='ocrx_word' id='word_1_110' title='bbox 582 1243 743 1282; x_wconf 89' lang='lat' dir='ltr'>mare</span> <span class='ocrx_word' id='word_1_111' title='bbox 792 1241 999 1281; x_wconf 86' lang='lat' dir='ltr'>nostrae</span> <span class='ocrx_word' id='word_1_112' title='bbox 1041 1225 1314 1280; x_wconf 82' lang='lat' dir='ltr'>cohortes</span> <span class='ocrx_word' id='word_1_113' title='bbox 1361 1241 1444 1278; x_wconf 84' lang='lat' dir='ltr'>1x.</span> <span class='ocrx_word' id='word_1_114' title='bbox 1496 1225 1744 1298; x_wconf 85' lang='lat' dir='ltr'>legionis</span> <span class='ocrx_word' id='word_1_115' title='bbox 1786 1225 2200 1300; x_wconf 79' lang='lat' dir='ltr'>excubuerant‚</span> 
     </span>
     <span class='ocr_line' id='line_1_16' title="bbox 359 1303 2192 1378; baseline 0.001 -18"><span class='ocrx_word' id='word_1_116' title='bbox 359 1319 655 1363; x_wconf 70' lang='lat' dir='ltr'>accessere</span> <span class='ocrx_word' id='word_1_117' title='bbox 702 1305 895 1362; x_wconf 76' lang='lat' dir='ltr'>subito</span> <span class='ocrx_word' id='word_1_118' title='bbox 946 1307 1132 1378; x_wconf 85' lang='lat' dir='ltr'>prima</span> <span class='ocrx_word' id='word_1_119' title='bbox 1174 1307 1298 1358; x_wconf 89' lang='lat' dir='ltr'>luce</span> <span class='ocrx_word' id='word_1_120' title='bbox 1347 1303 1676 1378; x_wconf 80' lang='lat' dir='ltr'>Pompejani</span> <span class='ocrx_word' id='word_1_121' title='bbox 1720 1307 2044 1362; x_wconf 80' lang='lat' dir='ltr'>exercitus:</span> <span class='ocrx_word' id='word_1_122' title='bbox 2079 1324 2192 1362; x_wconf 86' lang='lat' dir='ltr'>no-</span> 
     </span>
     <span class='ocr_line' id='line_1_17' title="bbox 302 1374 2195 1459; baseline 0.001 -18"><span class='ocrx_word' id='word_1_123' title='bbox 302 1417 313 1425; x_wconf 82' lang='lat'><strong>·</strong></span> <span class='ocrx_word' id='word_1_124' title='bbox 359 1400 575 1459; x_wconf 74' lang='lat' dir='ltr'>vusque</span> <span class='ocrx_word' id='word_1_125' title='bbox 602 1403 799 1442; x_wconf 88' lang='lat' dir='ltr'>eorum</span> <span class='ocrx_word' id='word_1_126' title='bbox 838 1387 1119 1440; x_wconf 86' lang='lat' dir='ltr'>adventus</span> <span class='ocrx_word' id='word_1_127' title='bbox 1148 1374 1378 1438; x_wconf 77' lang='lat' dir='ltr'>exstitit</span> <span class='ocrx_word' id='word_1_128' title='bbox 1405 1425 1425 1454; x_wconf 94' lang='lat'>,</span> <span class='ocrx_word' id='word_1_129' title='bbox 1465 1385 1747 1456; x_wconf 85' lang='lat' dir='ltr'>simulque</span> <span class='ocrx_word' id='word_1_130' title='bbox 1794 1386 2036 1442; x_wconf 86' lang='lat' dir='ltr'>navibus</span> <span class='ocrx_word' id='word_1_131' title='bbox 2066 1387 2195 1442; x_wconf 90' lang='lat' dir='ltr'>cir-</span> 
     </span>
     <span class='ocr_line' id='line_1_18' title="bbox 356 1462 2200 1540; baseline 0.002 -21"><span class='ocrx_word' id='word_1_132' title='bbox 356 1467 645 1538; x_wconf 72' lang='lat' dir='ltr'>cumvecti</span> <span class='ocrx_word' id='word_1_133' title='bbox 686 1467 904 1521; x_wconf 85' lang='lat' dir='ltr'>milites</span> <span class='ocrx_word' id='word_1_134' title='bbox 935 1462 994 1501; x_wconf 87' lang='lat'>⁶⁶</span> <span class='ocrx_word' id='word_1_135' title='bbox 1018 1468 1079 1520; x_wconf 90' lang='lat' dir='ltr'>in</span> <span class='ocrx_word' id='word_1_136' title='bbox 1110 1465 1456 1530; x_wconf 77' lang='lat' dir='ltr'>exteriorem</span> <span class='ocrx_word' id='word_1_137' title='bbox 1485 1467 1698 1518; x_wconf 80' lang='lat' dir='ltr'>vallum</span> <span class='ocrx_word' id='word_1_138' title='bbox 1726 1467 1848 1528; x_wconf 29' lang='lat' dir='ltr'>*tela</span> <span class='ocrx_word' id='word_1_139' title='bbox 1877 1465 2200 1540; x_wconf 63' lang='lat' dir='ltr'>jaciebant,</span> 
     </span>
     <span class='ocr_line' id='line_1_19' title="bbox 356 1543 2198 1619; baseline 0.002 -18"><span class='ocrx_word' id='word_1_140' title='bbox 356 1543 634 1619; x_wconf 68' lang='lat' dir='ltr'>fossaeque</span> <span class='ocrx_word' id='word_1_141' title='bbox 674 1561 885 1618; x_wconf 81' lang='lat' dir='ltr'>aggere</span> <span class='ocrx_word' id='word_1_142' title='bbox 925 1544 1359 1618; x_wconf 83' lang='lat' dir='ltr'>complebantur</span> <span class='ocrx_word' id='word_1_143' title='bbox 1391 1561 1408 1600; x_wconf 88' lang='lat'>:</span> <span class='ocrx_word' id='word_1_144' title='bbox 1459 1556 1520 1600; x_wconf 90' lang='lat' dir='ltr'>et</span> <span class='ocrx_word' id='word_1_145' title='bbox 1564 1544 1909 1618; x_wconf 85' lang='lat' dir='ltr'>legionarii,</span> <span class='ocrx_word' id='word_1_146' title='bbox 1937 1547 2198 1604; x_wconf 88' lang='lat' dir='ltr'>interio—</span> 
     </span>
     <span class='ocr_line' id='line_1_20' title="bbox 350 1623 2194 1698; baseline 0.002 -19"><span class='ocrx_word' id='word_1_147' title='bbox 350 1626 441 1690; x_wconf 56' lang='lat' dir='ltr'>ris</span> <span class='ocrx_word' id='word_1_148' title='bbox 485 1626 822 1682; x_wconf 85' lang='lat' dir='ltr'>munitionis</span> <span class='ocrx_word' id='word_1_149' title='bbox 874 1625 1244 1694; x_wconf 74' lang='lat' dir='ltr'>defensoreS,</span> <span class='ocrx_word' id='word_1_150' title='bbox 1303 1623 1474 1680; x_wconf 86' lang='lat' dir='ltr'>scalis</span> <span class='ocrx_word' id='word_1_151' title='bbox 1511 1624 1801 1696; x_wconf 87' lang='lat' dir='ltr'>admotis,</span> <span class='ocrx_word' id='word_1_152' title='bbox 1845 1629 2194 1698; x_wconf 77' lang='lat' dir='ltr'>tormentis-</span> 
     </span>
     <span class='ocr_line' id='line_1_21' title="bbox 353 1703 2182 1781; baseline 0.001 -21"><span class='ocrx_word' id='word_1_153' title='bbox 353 1717 483 1776; x_wconf 82' lang='lat' dir='ltr'>que·</span> <span class='ocrx_word' id='word_1_154' title='bbox 514 1706 781 1780; x_wconf 75' lang='lat' dir='ltr'>cujusque</span> <span class='ocrx_word' id='word_1_155' title='bbox 842 1707 1070 1778; x_wconf 84' lang='lat' dir='ltr'>generis</span> <span class='ocrx_word' id='word_1_156' title='bbox 1100 1745 1119 1776; x_wconf 90' lang='lat'><strong>,</strong></span> <span class='ocrx_word' id='word_1_157' title='bbox 1172 1705 1416 1777; x_wconf 89' lang='lat' dir='ltr'>telisque</span> <span class='ocrx_word' id='word_1_158' title='bbox 1479 1703 1814 1776; x_wconf 86' lang='lat' dir='ltr'>terrebant,</span> <span class='ocrx_word' id='word_1_159' title='bbox 1866 1723 2182 1781; x_wconf 78' lang='lat' dir='ltr'>magnaque</span> 
     </span>
     <span class='ocr_line' id='line_1_22' title="bbox 352 1785 2181 1858; baseline 0.002 -20"><span class='ocrx_word' id='word_1_160' title='bbox 352 1785 667 1841; x_wconf 87' lang='lat' dir='ltr'>multitudo</span> <span class='ocrx_word' id='word_1_161' title='bbox 706 1785 1142 1858; x_wconf 85' lang='lat' dir='ltr'>sagittariorum</span> <span class='ocrx_word' id='word_1_162' title='bbox 1174 1787 1246 1837; x_wconf 89' lang='lat' dir='ltr'>ab</span> <span class='ocrx_word' id='word_1_163' title='bbox 1277 1798 1516 1857; x_wconf 87' lang='lat' dir='ltr'>utraque</span> <span class='ocrx_word' id='word_1_164' title='bbox 1559 1797 1726 1856; x_wconf 85' lang='lat' dir='ltr'>parte</span> <span class='ocrx_word' id='word_1_165' title='bbox 1765 1785 2181 1842; x_wconf 77' lang='lat' dir='ltr'>circumfunde-</span> 
     </span>
     <span class='ocr_line' id='line_1_23' title="bbox 240 1861 2185 1938; baseline 0.002 -21"><span class='ocrx_word' id='word_1_166' title='bbox 240 1875 275 1900; x_wconf 81' lang='lat'>··</span> <span class='ocrx_word' id='word_1_167' title='bbox 350 1861 541 1920; x_wconf 86' lang='lat' dir='ltr'>batur.</span> <span class='ocrx_word' id='word_1_168' title='bbox 582 1864 831 1920; x_wconf 81' lang='lat' dir='ltr'>Multum</span> <span class='ocrx_word' id='word_1_169' title='bbox 874 1879 1066 1919; x_wconf 87' lang='lat' dir='ltr'>autem</span> <span class='ocrx_word' id='word_1_170' title='bbox 1102 1865 1173 1918; x_wconf 89' lang='lat' dir='ltr'>ab</span> <span class='ocrx_word' id='word_1_171' title='bbox 1208 1867 1325 1917; x_wconf 87' lang='lat' dir='ltr'>ictu</span> <span class='ocrx_word' id='word_1_172' title='bbox 1368 1863 1622 1937; x_wconf 75' lang='lat' dir='ltr'>lapidum</span> <span class='ocrx_word' id='word_1_173' title='bbox 1645 1905 1666 1937; x_wconf 91' lang='lat'>‚</span> <span class='ocrx_word' id='word_1_174' title='bbox 1695 1867 1846 1938; x_wconf 90' lang='lat' dir='ltr'>quod</span> <span class='ocrx_word' id='word_1_175' title='bbox 1880 1883 2045 1920; x_wconf 82' lang='lat' dir='ltr'>unum</span> <span class='ocrx_word' id='word_1_176' title='bbox 2077 1883 2185 1923; x_wconf 86' lang='lat' dir='ltr'>no-</span> 
     </span>
     <span class='ocr_line' id='line_1_24' title="bbox 349 1941 2189 2019; baseline 0.002 -19"><span class='ocrx_word' id='word_1_177' title='bbox 349 1944 491 2000; x_wconf 65' lang='lat' dir='ltr'>stris</span> <span class='ocrx_word' id='word_1_178' title='bbox 550 1959 676 1998; x_wconf 89' lang='lat' dir='ltr'>erat</span> <span class='ocrx_word' id='word_1_179' title='bbox 733 1941 1249 2016; x_wconf 32' lang='lat' dir='ltr'>telu&#39;msviminea</span> <span class='ocrx_word' id='word_1_180' title='bbox 1298 1956 1629 2018; x_wconf 75' lang='lat' dir='ltr'>tegumenta</span> <span class='ocrx_word' id='word_1_181' title='bbox 1673 1945 1858 2019; x_wconf 85' lang='lat' dir='ltr'>galeis</span> <span class='ocrx_word' id='word_1_182' title='bbox 1907 1948 2189 2019; x_wconf 77' lang='lat' dir='ltr'>imposita</span> 
     </span>
     <span class='ocr_line' id='line_1_25' title="bbox 346 2019 2190 2098; baseline 0.004 -24"><span class='ocrx_word' id='word_1_183' title='bbox 346 2019 749 2078; x_wconf 84' lang='lat' dir='ltr'>defendebant.</span> <span class='ocrx_word' id='word_1_184' title='bbox 782 2024 1016 2098; x_wconf 84' lang='lat' dir='ltr'>Itaque,</span> <span class='ocrx_word' id='word_1_185' title='bbox 1046 2041 1177 2078; x_wconf 88' lang='lat' dir='ltr'>cum</span> <span class='ocrx_word' id='word_1_186' title='bbox 1206 2025 1470 2079; x_wconf 86' lang='lat' dir='ltr'>omnibus</span> <span class='ocrx_word' id='word_1_187' title='bbox 1516 2024 1682 2080; x_wconf 85' lang='lat' dir='ltr'>rebus</span> <span class='ocrx_word' id='word_1_188' title='bbox 1723 2025 1908 2080; x_wconf 83' lang='lat' dir='ltr'>nostri</span> <span class='ocrx_word' id='word_1_189' title='bbox 1947 2043 2190 2098; x_wconf 85' lang='lat' dir='ltr'>preme-</span> 
     </span>
     <span class='ocr_line' id='line_1_26' title="bbox 345 2104 2190 2180; baseline 0.004 -25"><span class='ocrx_word' id='word_1_190' title='bbox 345 2115 590 2176; x_wconf 84' lang='lat' dir='ltr'>rentur,</span> <span class='ocrx_word' id='word_1_191' title='bbox 633 2118 803 2176; x_wconf 84' lang='lat' dir='ltr'>atque</span> <span class='ocrx_word' id='word_1_192' title='bbox 846 2121 995 2180; x_wconf 84' lang='lat' dir='ltr'>aegre</span> <span class='ocrx_word' id='word_1_193' title='bbox 1034 2105 1414 2174; x_wconf 84' lang='lat' dir='ltr'>resisterent,</span> <span class='ocrx_word' id='word_1_194' title='bbox 1447 2104 1906 2160; x_wconf 83' lang='lat' dir='ltr'>animadversum</span> <span class='ocrx_word' id='word_1_195' title='bbox 1946 2120 2036 2162; x_wconf 87' lang='lat' dir='ltr'>est</span> <span class='ocrx_word' id='word_1_196' title='bbox 2079 2109 2190 2162; x_wconf 84' lang='lat' dir='ltr'>vi-</span> 
     </span>
     <span class='ocr_line' id='line_1_27' title="bbox 343 2182 2186 2260; baseline 0.004 -24"><span class='ocrx_word' id='word_1_197' title='bbox 343 2182 495 2239; x_wconf 85' lang='lat' dir='ltr'>tium</span> <span class='ocrx_word' id='word_1_198' title='bbox 538 2184 878 2240; x_wconf 79' lang='lat' dir='ltr'>munitionis</span> <span class='ocrx_word' id='word_1_199' title='bbox 899 2226 919 2256; x_wconf 91' lang='lat'><strong><em>,</em></strong></span> <span class='ocrx_word' id='word_1_200' title='bbox 946 2185 1097 2260; x_wconf 89' lang='lat' dir='ltr'>quod</span> <span class='ocrx_word' id='word_1_201' title='bbox 1128 2200 1300 2256; x_wconf 86' lang='lat' dir='ltr'>supra</span> <span class='ocrx_word' id='word_1_202' title='bbox 1328 2184 1786 2240; x_wconf 86' lang='lat' dir='ltr'>demonstratum</span> <span class='ocrx_word' id='word_1_203' title='bbox 1834 2199 1924 2240; x_wconf 89' lang='lat' dir='ltr'>est</span> <span class='ocrx_word' id='word_1_204' title='bbox 1951 2203 1968 2242; x_wconf 73' lang='grc' dir='ltr'><strong><em>ε</em></strong></span> <span class='ocrx_word' id='word_1_205' title='bbox 2007 2200 2186 2260; x_wconf 86' lang='lat' dir='ltr'>atque</span> 
     </span>
     <span class='ocr_line' id='line_1_28' title="bbox 342 2262 2180 2340; baseline 0.004 -24"><span class='ocrx_word' id='word_1_206' title='bbox 342 2262 501 2319; x_wconf 86' lang='lat' dir='ltr'>inter</span> <span class='ocrx_word' id='word_1_207' title='bbox 538 2265 678 2320; x_wconf 89' lang='lat' dir='ltr'>duos</span> <span class='ocrx_word' id='word_1_208' title='bbox 718 2267 901 2321; x_wconf 86' lang='lat' dir='ltr'>vallos</span> <span class='ocrx_word' id='word_1_209' title='bbox 930 2304 951 2336; x_wconf 92' lang='lat'>,</span> <span class='ocrx_word' id='word_1_210' title='bbox 986 2278 1098 2336; x_wconf 84' lang='lat' dir='ltr'>qua</span> <span class='ocrx_word' id='word_1_211' title='bbox 1145 2263 1464 2335; x_wconf 86' lang='lat' dir='ltr'>perfectum</span> <span class='ocrx_word' id='word_1_212' title='bbox 1513 2281 1654 2334; x_wconf 78' lang='lat' dir='ltr'>opus</span> <span class='ocrx_word' id='word_1_213' title='bbox 1704 2281 1817 2320; x_wconf 89' lang='lat' dir='ltr'>non</span> <span class='ocrx_word' id='word_1_214' title='bbox 1869 2277 2038 2338; x_wconf 85' lang='lat' dir='ltr'>erat,</span> <span class='ocrx_word' id='word_1_215' title='bbox 2075 2285 2180 2340; x_wconf 86' lang='lat' dir='ltr'>per</span> 
     </span>
     <span class='ocr_line' id='line_1_29' title="bbox 322 2343 2184 2418; baseline 0.004 -22"><span class='ocrx_word' id='word_1_216' title='bbox 322 2351 506 2399; x_wconf 75' lang='lat' dir='ltr'>’mare</span> <span class='ocrx_word' id='word_1_217' title='bbox 545 2344 782 2399; x_wconf 87' lang='lat' dir='ltr'>navibus</span> <span class='ocrx_word' id='word_1_218' title='bbox 811 2345 1061 2417; x_wconf 80' lang='lat' dir='ltr'>expositi</span> <span class='ocrx_word' id='word_1_219' title='bbox 1095 2343 1153 2397; x_wconf 85' lang='lat' dir='ltr'>in</span> <span class='ocrx_word' id='word_1_220' title='bbox 1193 2360 1424 2398; x_wconf 86' lang='lat' dir='ltr'>aversos</span> <span class='ocrx_word' id='word_1_221' title='bbox 1467 2357 1696 2401; x_wconf 86' lang='lat' dir='ltr'>nostros</span> <span class='ocrx_word' id='word_1_222' title='bbox 1715 2345 1994 2418; x_wconf 85' lang='lat' dir='ltr'>impetum</span> <span class='ocrx_word' id='word_1_223' title='bbox 2025 2346 2184 2403; x_wconf 87' lang='lat' dir='ltr'>fece-</span> 
     </span>
     <span class='ocr_line' id='line_1_30' title="bbox 344 2423 2184 2501; baseline 0.002 -23"><span class='ocrx_word' id='word_1_224' title='bbox 344 2437 521 2501; x_wconf 71' lang='lat' dir='ltr'>ruut,</span> <span class='ocrx_word' id='word_1_225' title='bbox 560 2437 735 2497; x_wconf 90' lang='lat' dir='ltr'>atque</span> <span class='ocrx_word' id='word_1_226' title='bbox 781 2441 852 2480; x_wconf 82' lang='lat' dir='ltr'>ex</span> <span class='ocrx_word' id='word_1_227' title='bbox 902 2438 1142 2496; x_wconf 88' lang='lat' dir='ltr'>utraque</span> <span class='ocrx_word' id='word_1_228' title='bbox 1194 2423 1489 2478; x_wconf 86' lang='lat' dir='ltr'>muntione</span> <span class='ocrx_word' id='word_1_229' title='bbox 1538 2423 1792 2498; x_wconf 85' lang='lat' dir='ltr'>dejectos</span> <span class='ocrx_word' id='word_1_230' title='bbox 1835 2438 2000 2500; x_wconf 83' lang='lat' dir='ltr'>terga</span> <span class='ocrx_word' id='word_1_231' title='bbox 2032 2443 2184 2481; x_wconf 78' lang='lat' dir='ltr'>ver-</span> 
     </span>
     <span class='ocr_line' id='line_1_31' title="bbox 225 2503 2183 2580; baseline 0.004 -24"><span class='ocrx_word' id='word_1_232' title='bbox 225 2505 308 2580; x_wconf 82' lang='lat'>64</span> <span class='ocrx_word' id='word_1_233' title='bbox 350 2511 473 2557; x_wconf 89' lang='lat' dir='ltr'>tere</span> <span class='ocrx_word' id='word_1_234' title='bbox 502 2517 829 2576; x_wconf 83' lang='lat' dir='ltr'>coegerunt.</span> <span class='ocrx_word' id='word_1_235' title='bbox 866 2505 996 2560; x_wconf 88' lang='lat' dir='ltr'>Hoc</span> <span class='ocrx_word' id='word_1_236' title='bbox 1034 2505 1282 2558; x_wconf 85' lang='lat' dir='ltr'>tumultu</span> <span class='ocrx_word' id='word_1_237' title='bbox 1329 2504 1594 2560; x_wconf 81' lang='lat' dir='ltr'>nuntiato</span> <span class='ocrx_word' id='word_1_238' title='bbox 1617 2543 1637 2575; x_wconf 92' lang='lat'>‚</span> <span class='ocrx_word' id='word_1_239' title='bbox 1665 2503 2048 2562; x_wconf 85' lang='lat' dir='ltr'>Marcellinus</span> <span class='ocrx_word' id='word_1_240' title='bbox 2077 2524 2183 2564; x_wconf 88' lang='lat' dir='ltr'>co-</span> 
     </span>
     <span class='ocr_line' id='line_1_32' title="bbox 298 2581 2182 2658; baseline 0.005 -22"><span class='ocrx_word' id='word_1_241' title='bbox 298 2607 303 2614; x_wconf 92' lang='lat'><em>·</em></span> <span class='ocrx_word' id='word_1_242' title='bbox 342 2581 542 2640; x_wconf 80' lang='lat' dir='ltr'>hortes</span> <span class='ocrx_word' id='word_1_243' title='bbox 581 2583 841 2638; x_wconf 87' lang='lat' dir='ltr'>subsidio</span> <span class='ocrx_word' id='word_1_244' title='bbox 887 2584 1099 2638; x_wconf 79' lang='lat' dir='ltr'>nostris</span> <span class='ocrx_word' id='word_1_245' title='bbox 1134 2582 1589 2639; x_wconf 85' lang='lat' dir='ltr'>laborationibus</span> <span class='ocrx_word' id='word_1_246' title='bbox 1619 2584 1926 2656; x_wconf 58' lang='lat' dir='ltr'>submisis,</span> <span class='ocrx_word' id='word_1_247' title='bbox 1954 2603 2074 2658; x_wconf 83' lang='lat' dir='ltr'>quae</span> <span class='ocrx_word' id='word_1_248' title='bbox 2103 2605 2182 2645; x_wconf 70' lang='lat' dir='ltr'>ex</span> 
     </span>
     <span class='ocr_line' id='line_1_33' title="bbox 339 2651 2181 2736; baseline 0.003 -18"><span class='ocrx_word' id='word_1_249' title='bbox 339 2665 549 2718; x_wconf 79' lang='lat' dir='ltr'>castris</span> <span class='ocrx_word' id='word_1_250' title='bbox 596 2663 881 2736; x_wconf 83' lang='lat' dir='ltr'>fugientes</span> <span class='ocrx_word' id='word_1_251' title='bbox 928 2651 1312 2735; x_wconf 57' lang='lat' dir='ltr'>consnicatae,</span> <span class='ocrx_word' id='word_1_252' title='bbox 1363 2679 1545 2736; x_wconf 87' lang='lat' dir='ltr'>neque</span> <span class='ocrx_word' id='word_1_253' title='bbox 1593 2663 1728 2719; x_wconf 87' lang='lat' dir='ltr'>illos</span> <span class='ocrx_word' id='word_1_254' title='bbox 1771 2682 1874 2720; x_wconf 90' lang='lat' dir='ltr'>suo</span> <span class='ocrx_word' id='word_1_255' title='bbox 1920 2667 2181 2726; x_wconf 73' lang='lat' dir='ltr'>adventu</span> 
     </span>
     <span class='ocr_line' id='line_1_34' title="bbox 338 2741 2167 2818; baseline 0.003 -22"><span class='ocrx_word' id='word_1_256' title='bbox 338 2741 683 2818; x_wconf 76' lang='lat' dir='ltr'>confirmare</span> <span class='ocrx_word' id='word_1_257' title='bbox 738 2749 1093 2814; x_wconf 81' lang='lat' dir='ltr'>potuerunt,</span> <span class='ocrx_word' id='word_1_258' title='bbox 1138 2758 1324 2815; x_wconf 86' lang='lat' dir='ltr'>neque</span> <span class='ocrx_word' id='word_1_259' title='bbox 1382 2741 1520 2815; x_wconf 84' lang='lat' dir='ltr'>ipsae</span> <span class='ocrx_word' id='word_1_260' title='bbox 1579 2743 1831 2813; x_wconf 82' lang='lat' dir='ltr'>hostium</span> <span class='ocrx_word' id='word_1_261' title='bbox 1881 2745 2167 2816; x_wconf 87' lang='lat' dir='ltr'>impetum</span> 
     </span>
     <span class='ocr_line' id='line_1_35' title="bbox 336 2822 2172 2898; baseline 0.002 -21"><span class='ocrx_word' id='word_1_262' title='bbox 336 2828 612 2880; x_wconf 85' lang='lat' dir='ltr'>tulerunt.</span> <span class='ocrx_word' id='word_1_263' title='bbox 676 2822 883 2896; x_wconf 81' lang='lat' dir='ltr'>Itaque</span> <span class='ocrx_word' id='word_1_264' title='bbox 930 2824 1328 2898; x_wconf 81' lang='lat' dir='ltr'>quodcumque</span> <span class='ocrx_word' id='word_1_265' title='bbox 1377 2822 1694 2879; x_wconf 86' lang='lat' dir='ltr'>addebatur</span> <span class='ocrx_word' id='word_1_266' title='bbox 1744 2823 1998 2882; x_wconf 87' lang='lat' dir='ltr'>subsidio</span> <span class='ocrx_word' id='word_1_267' title='bbox 2027 2864 2052 2898; x_wconf 89' lang='lat'><em>,</em></span> <span class='ocrx_word' id='word_1_268' title='bbox 2101 2825 2172 2881; x_wconf 73' lang='lat' dir='ltr'>id</span> 
     </span>
    </p>
   </div>
   <div class='ocr_carea' id='block_1_4' title="bbox 264 2979 2180 3384">
    <p class='ocr_par' dir='ltr' id='par_1_5' title="bbox 400 2979 2168 3068">
     <span class='ocr_line' id='line_1_36' title="bbox 400 2979 2168 3068; baseline 0.003 -32"><span class='ocrx_word' id='word_1_269' title='bbox 400 2988 468 3038; x_wconf 88' lang='lat'>66</span> <span class='ocrx_word' id='word_1_270' title='bbox 538 2979 592 3036; x_wconf 79' lang='lat' dir='ltr'>in</span> <span class='ocrx_word' id='word_1_271' title='bbox 630 2990 919 3040; x_wconf 69' lang='lat' dir='ltr'>exteriorem</span> <span class='ocrx_word' id='word_1_272' title='bbox 956 2991 1213 3045; x_wconf 80' lang='lat' dir='ltr'>vallum.)</span> <span class='ocrx_word' id='word_1_273' title='bbox 1279 2992 1414 3042; x_wconf 84' lang='lat' dir='ltr'>tibus</span> <span class='ocrx_word' id='word_1_274' title='bbox 1451 2991 1622 3056; x_wconf 71' lang='lat' dir='ltr'>,verbis</span> <span class='ocrx_word' id='word_1_275' title='bbox 1649 2993 2000 3068; x_wconf 67' lang='lat' dir='ltr'>distinguitur.</span> <span class='ocrx_word' id='word_1_276' title='bbox 2017 2999 2168 3044; x_wconf 78' lang='lat' dir='ltr'>Faer-</span> 
     </span>
    </p>

    <p class='ocr_par' dir='ltr' id='par_1_6' title="bbox 331 3051 2172 3120">
     <span class='ocr_line' id='line_1_37' title="bbox 331 3051 2172 3120; baseline 0.004 -21"><span class='ocrx_word' id='word_1_277' title='bbox 331 3051 417 3099; x_wconf 79' lang='lat' dir='ltr'>Sic</span> <span class='ocrx_word' id='word_1_278' title='bbox 439 3059 585 3099; x_wconf 85' lang='lat' dir='ltr'>vetus</span> <span class='ocrx_word' id='word_1_279' title='bbox 606 3051 764 3099; x_wconf 82' lang='lat' dir='ltr'>codex</span> <span class='ocrx_word' id='word_1_280' title='bbox 787 3053 1012 3102; x_wconf 77' lang='lat' dir='ltr'>ciaconii</span> <span class='ocrx_word' id='word_1_281' title='bbox 1030 3091 1045 3112; x_wconf 89' lang='lat'>‚</span> <span class='ocrx_word' id='word_1_282' title='bbox 1061 3065 1112 3102; x_wconf 89' lang='lat' dir='ltr'>et</span> <span class='ocrx_word' id='word_1_283' title='bbox 1137 3068 1213 3103; x_wconf 89' lang='lat' dir='ltr'>re·</span> <span class='ocrx_word' id='word_1_284' title='bbox 1277 3069 1373 3104; x_wconf 84' lang='lat' dir='ltr'>nus</span> <span class='ocrx_word' id='word_1_285' title='bbox 1399 3058 1712 3104; x_wconf 87' lang='lat' dir='ltr'>anteriorem</span> <span class='ocrx_word' id='word_1_286' title='bbox 1734 3061 1861 3120; x_wconf 72' lang='lat' dir='ltr'>legit</span> <span class='ocrx_word' id='word_1_287' title='bbox 1878 3093 1892 3116; x_wconf 94' lang='lat'><strong>‚</strong></span> <span class='ocrx_word' id='word_1_288' title='bbox 1921 3071 2072 3120; x_wconf 83' lang='lat' dir='ltr'>quem</span> <span class='ocrx_word' id='word_1_289' title='bbox 2093 3073 2172 3106; x_wconf 80' lang='lat' dir='ltr'>o-</span> 
     </span>
    </p>

    <p class='ocr_par' dir='ltr' id='par_1_7' title="bbox 264 3113 2163 3190">
     <span class='ocr_line' id='line_1_38' title="bbox 264 3113 2163 3190; baseline 0.004 -29"><span class='ocrx_word' id='word_1_290' title='bbox 264 3139 267 3142; x_wconf 89' lang='lat'><strong>·</strong></span> <span class='ocrx_word' id='word_1_291' title='bbox 326 3125 443 3172; x_wconf 72' lang='lat' dir='ltr'>cte,</span> <span class='ocrx_word' id='word_1_292' title='bbox 466 3127 582 3161; x_wconf 86' lang='lat' dir='ltr'>meo</span> <span class='ocrx_word' id='word_1_293' title='bbox 603 3113 807 3174; x_wconf 79' lang='lat' dir='ltr'>judicio,</span> <span class='ocrx_word' id='word_1_294' title='bbox 828 3117 947 3178; x_wconf 88' lang='lat' dir='ltr'>quia</span> <span class='ocrx_word' id='word_1_295' title='bbox 977 3119 1211 3184; x_wconf 72' lang='lat' dir='ltr'>interiori</span> <span class='ocrx_word' id='word_1_296' title='bbox 1277 3133 1422 3167; x_wconf 86' lang='lat' dir='ltr'>mnes</span> <span class='ocrx_word' id='word_1_297' title='bbox 1451 3120 1604 3167; x_wconf 85' lang='lat' dir='ltr'>hodie</span> <span class='ocrx_word' id='word_1_298' title='bbox 1625 3128 1919 3190; x_wconf 81' lang='lat' dir='ltr'>sequuntur.</span> <span class='ocrx_word' id='word_1_299' title='bbox 1939 3121 2032 3168; x_wconf 82' lang='lat' dir='ltr'>Sed</span> <span class='ocrx_word' id='word_1_300' title='bbox 2054 3123 2163 3169; x_wconf 84' lang='lat' dir='ltr'>du·-</span> 
     </span>
    </p>

    <p class='ocr_par' dir='ltr' id='par_1_8' title="bbox 330 3181 2168 3244">
     <span class='ocr_line' id='line_1_39' title="bbox 330 3181 2168 3244; baseline 0.006 -22"><span class='ocrx_word' id='word_1_301' title='bbox 330 3189 453 3224; x_wconf 76' lang='lat' dir='ltr'>mox</span> <span class='ocrx_word' id='word_1_302' title='bbox 476 3181 768 3236; x_wconf 83' lang='lat' dir='ltr'>opponitur.</span> <span class='ocrx_word' id='word_1_303' title='bbox 792 3183 1102 3228; x_wconf 78' lang='lat' dir='ltr'>Excusorum</span> <span class='ocrx_word' id='word_1_304' title='bbox 1122 3196 1213 3244; x_wconf 82' lang='lat' dir='ltr'>ve-</span> <span class='ocrx_word' id='word_1_305' title='bbox 1277 3182 1419 3233; x_wconf 84' lang='lat' dir='ltr'>bium</span> <span class='ocrx_word' id='word_1_306' title='bbox 1436 3219 1450 3242; x_wconf 92' lang='lat'><strong>,</strong></span> <span class='ocrx_word' id='word_1_307' title='bbox 1485 3195 1550 3230; x_wconf 88' lang='lat' dir='ltr'>au</span> <span class='ocrx_word' id='word_1_308' title='bbox 1574 3197 1674 3230; x_wconf 86' lang='lat' dir='ltr'>vox</span> <span class='ocrx_word' id='word_1_309' title='bbox 1697 3182 1924 3244; x_wconf 72' lang='lat' dir='ltr'>anterior</span> <span class='ocrx_word' id='word_1_310' title='bbox 1945 3185 2168 3234; x_wconf 67' lang='lat' dir='ltr'>Caesarit</span> 
     </span>
    </p>

    <p class='ocr_par' dir='ltr' id='par_1_9' title="bbox 324 3239 2180 3384">
     <span class='ocr_line' id='line_1_40' title="bbox 328 3239 2180 3312; baseline 0.008 -29"><span class='ocrx_word' id='word_1_311' title='bbox 328 3239 600 3312; x_wconf 71' lang='lat' dir='ltr'>tustissxmi</span> <span class='ocrx_word' id='word_1_312' title='bbox 609 3241 767 3287; x_wconf 80' lang='lat' dir='ltr'>etiam</span> <span class='ocrx_word' id='word_1_313' title='bbox 791 3241 1105 3302; x_wconf 85' lang='lat' dir='ltr'>interiorem,</span> <span class='ocrx_word' id='word_1_314' title='bbox 1118 3245 1207 3294; x_wconf 83' lang='lat' dir='ltr'>sed</span> <span class='ocrx_word' id='word_1_315' title='bbox 1272 3254 1426 3294; x_wconf 84' lang='lat' dir='ltr'>aetate</span> <span class='ocrx_word' id='word_1_316' title='bbox 1457 3246 1509 3292; x_wconf 91' lang='lat' dir='ltr'>in</span> <span class='ocrx_word' id='word_1_317' title='bbox 1535 3247 1678 3294; x_wconf 84' lang='lat' dir='ltr'>Latio</span> <span class='ocrx_word' id='word_1_318' title='bbox 1709 3243 1878 3296; x_wconf 63' lang='lat' dir='ltr'>fuerit.</span> <span class='ocrx_word' id='word_1_319' title='bbox 1907 3247 2040 3296; x_wconf 85' lang='lat' dir='ltr'>Vide</span> <span class='ocrx_word' id='word_1_320' title='bbox 2061 3251 2180 3296; x_wconf 85' lang='lat' dir='ltr'>cu-&#39;</span> 
     </span>
     <span class='ocr_line' id='line_1_41' title="bbox 324 3303 1941 3384; baseline 0.009 -39"><span class='ocrx_word' id='word_1_321' title='bbox 324 3311 637 3370; x_wconf 66' lang='lat' dir='ltr'>prave,quia</span> <span class='ocrx_word' id='word_1_322' title='bbox 652 3307 715 3384; x_wconf 71' lang='lat' dir='ltr'>ab</span> <span class='ocrx_word' id='word_1_323' title='bbox 737 3303 1207 3370; x_wconf 74' lang='lat' dir='ltr'>interiore‘sequ‘en-</span> <span class='ocrx_word' id='word_1_324' title='bbox 1271 3322 1354 3362; x_wconf 75' lang='lat' dir='ltr'>ras</span> <span class='ocrx_word' id='word_1_325' title='bbox 1386 3321 1586 3360; x_wconf 79' lang='lat' dir='ltr'>nostras</span> <span class='ocrx_word' id='word_1_326' title='bbox 1617 3311 1941 3372; x_wconf 74' lang='lat' dir='ltr'>posteriores.</span> 
     </span>
    </p>
   </div>
   <div class='ocr_carea' id='block_1_5' title="bbox 2426 1959 2441 2670">
    <p class='ocr_par' dir='ltr' id='par_1_10' title="bbox 2426 1959 2441 2670">
     <span class='ocr_line' id='line_1_42' title="bbox 2426 1959 2441 2670; baseline 0 0"><span class='ocrx_word' id='word_1_327' title='bbox 2426 1959 2441 2670; x_wconf 95' lang='lat' dir='ltr'> </span> 
     </span>
    </p>
   </div>
  </div>
 </body>
</html>
