2459 3834
791 142 1199 198 arnan
1284 145 1415 196 υτ.
1895 144 2041 227 375

818 302 1200 360 CAPUT
1290 303 1425 360 XV.

215 463 414 524 Cesar
443 463 504 520 in
535 459 941 522 Macedoniam
969 465 1048 520 ad
1069 465 1401 538 Pompeium
1432 465 1553 521 iter
1574 449 1783 538 bab'et,
1813 475 1873 523 et
1896 468 2047 537 jux-

207 553 281 600 ta
311 551 444 602 eum
467 555 662 601 castra
681 546 889 618 ponit:
915 545 1088 615 inde,
1111 545 1267 600 nihil
1285 541 1617 618 proficiens
1617 543 1704 599 ihi
1726 547 2045 620 ,Dyrrha-

107 635 117 654 ·
209 623 398 680 chium
439 625 635 696 petit,
675 635 736 680 ut
775 624 1108 698 Pompeium
1143 635 1453 681 commeatu
1506 624 1811 716 prohib-eat
1835 666 1855 697 ,
1902 628 2053 702 quod

102 3332 130 3350 Ἴ

209 703 449 758 accidit.
526 703 829 777 Pompejus
911 705 1069 759 edito
1127 702 1248 759 loco
1299 714 1497 760 castra
1565 705 1769 760 munit.
1845 701 2046 762 Caerar

209 781 291 837 11.
321 780 666 854 CanuIeJ’um
707 801 767 838 m
802 783 1052 857 Epirum
1082 781 1443 856 frumentum
1484 786 1671 838 mittit
1695 823 1715 854 ,
1756 795 1816 840 et
1859 785 2047 840 Pom-

203 861 411 932 pejum
436 863 856 918 circumvallat.
907 863 1216 935 Pompejm
1244 865 1446 936 plures
1486 861 1703 934 colles,
1744 874 1803 918 et
1837 866 2045 941 regio-

262 956 366 998 nes
393 941 474 997 ad
488 941 876 1015 pabulandum
907 955 1144 1014 occupat
1172 960 1185 998 ε
1218 943 1423 1000 crebra
1455 941 1672 1016 praelia
1719 943 1989 1020 utrinque

411 1047 416 1056 ·
917 1024 1370 1080 committuntur.

209 1213 217 1224 ·
293 1117 582 1253 Caesar,
629 1196 925 1255 postquam
971 1180 1297 1255 Pompejum
1362 1181 1433 1236 ad
1488 1179 1873 1256 Asparagium
1924 1197 2048 1238 esse
2086 1187 2161 1250 41

208 1264 486 1332 cognovit
513 1289 530 1330 ,-
561 1264 760 1318 eodem
805 1281 931 1317 cum
963 1261 1232 1318 *exercitu
1278 1259 1607 1334 profectus,
1656 1274 1715 1315 et
1745 1277 2049 1334 expugna-

211 1353 278 1396 to
307 1342 362 1396 in
390 1342 600 1395 itinere
641 1343 852 1413 oppido
879 1341 1310 1410 Parthinorum,
1330 1341 1387 1394 in
1427 1357 1538 1412 quo
1569 1339 1867 1414 Pompejus
1902 1359 2055 1411 prae-

209 1421 424 1476 sidium
478 1421 724 1476 habebat
752 1462 770 1490 ,
833 1439 958 1476 ιιι.
1007 1422 1103 1476 die
1148 1421 1205 1476 in
1240 1419 1646 1474 Macedoniam
1693 1420 1767 1475 ad
1799 1417 2058 1490 Pompe-

209 1497 331 1574 jum
386 1502 691 1575 pervenit,
722 1500 989 1574 juxtaque
1035 1517 1170 1556 cum
1214 1514 1405 1554 castra
1452 1500 1641 1571 posuit
1672 1539 1693 1571 ,
1736 1512 1796 1553 et
1830 1501 2056 1572 postri-

213 1580 315 1634 die
360 1579 582 1635 eductis
622 1582 887 1636 omnibus
927 1582 1150 1652 copiiS,
1193 1581 1320 1634 acie
1362 1580 1688 1650 instructa,
1726 1578 2057 1640 decernen-

212 1658 275 1714 di
330 1672 678 1730 potestatem
733 1657 1004 1734 Pompejo
1035 1658 1195 1714 fecit.
1248 1657 1364 1714 Ubi
1395 1674 1525 1713 eum
1555 1658 1669 1714 suis
1702 1658 1845 1712 locis
1872 1673 1933 1713 se
1966 1671 2057 1715 te-

213 1755 351 1794 nere
401 1737 818 1798 animadvertit
849 1779 868 1810 ,
918 1739 1161 1796 reducto
1218 1739 1281 1793 in
1331 1749 1521 1792 castra
1560 1737 1861 1808 exercitu,
1899 1737 2054 1794 aliud

214 1817 354 1874 sibi·
385 1817 687 1875 consilium
757 1819 1107 1892 capiendum
1166 1818 1546 1874 existimavit.
1600 1817 1801 1888 ltaque
1852 1829 2057 1888 poste..

217 1915 288 1952 ro
319 1898 420 1952 die
477 1901 740 1954 omnibus
778 1900 1009 1970 copiis,
1041 1913 1246 1972 magno
1296 1897 1594 1968 circuitu,
1622 1893 1901 1967 difficili,
1941 1913 2058 1952 an..

217 1989 498 2054 gustoque
540 1979 752 2034 itinere
791 1977 1232 2051 Dyrrhachium
1294 1975 1581 2049 profectus
1632 1989 1762 2046 est,
1802 1991 2059 2049 sperans,

217 2055 554 2134 Pompejum
603 2071 702 2114 aut
743 2055 1180 2132 Dyrrhachium
1231 2055 1500 2130 compelli
1536 2095 1556 2127 ,
1606 2066 1707 2110 aut
1753 2054 1825 2110 ab
1856 2071 1924 2111 eo
1955 2057 2059 2110 in-

217 2138 467 2192 tercludi
515 2154 677 2210 posse
706 2177 726 2209 ,
785 2137 936 2212 quod
992 2153 1220 2194 omnem
1272 2146 1657 2192 commeatum
1699 2173 1720 2205 ,
1768 2131 2062 2208 totiusque

222 2215 362 2270 beni
417 2231 753 2290 apparatum
807 2219 856 2273 is
907 2235 975 2274 eo
1019 2216 1398 2287 contulisset,
1428 2227 1491 2269 ut
1523 2212 1767 2269 accidit?
1800 2211 2063 2284 Pompe-

218 2291 310 2370 jus
354 2297 507 2350 enim
560 2298 748 2391 primo
786 2297 1057 2370 ignorans
1087 2296 1204 2369 ejus
1246 2291 1546 2350 consilium
1571 2332 1591 2364 ‚
1630 2291 1779 2366 quod
1828 2291 2061 2350 diverso

227 2372 304 2426 ab
347 2387 412 2428 ea
462 2377 694 2448 regione
732 2376 948 2433 itinere
993 2375 1311 2450 profectum
1340 2371 1576 2428 videbat
1599 2411 1619 2442 ,
1656 2371 1936 2445 angustiis
1976 2371 2063 2427 rei

225 2451 618 2509 frumentariae
679 2460 1026 2526 compulsum
1078 2454 1406 2510 discessisse
1455 2450 1887 2522 existimabat3
1950 2469 2065 2524 po-

229 2545 357 2590 stea
395 2549 492 2605 per
523 2535 914 2606 exploratores
951 2535 1169 2591 certior
1197 2533 1428 2605 factus,
1456 2543 1689 2605 postero
1733 2530 1830 2586 die
1873 2542 2066 2587 castra

144 2647 148 2655 ,
227 2613 459 2683 movit,
487 2612 755 2668 breviore
795 2614 1007 2669 itinere
1047 2631 1108 2669 se
1166 2629 1433 2670 ocurrere
1482 2609 1537 2666 ei
1590 2625 1751 2682 posse
1808 2626 2068 2683 speran83

229 2691 384 2766 quod
415 2691 541 2748 fore
575 2693 891 2764 suspicatus
931 2691 1122 2748 Caesar
1149 2733 1168 2764 ,
1221 2693 1546 2766 militesque
1578 2690 1958 2760 adhortatus,
2002 2701 2066 2744 ut

231 2789 393 2845 aequo
443 2773 640 2828 animo
676 2773 929 2828 laborem
972 2773 1234 2844 ferrent,
1278 2789 1456 2854 parva
1516 2783 1681 2844 parte
1721 2767 1911 2823 noctis
1962 2769 2067 2824 iti-

227 2867 370 2906 nere
399 2852 770 2922 intermisso,
829 2867 996 2907 mane
1031 2844 1469 2924 Dyrrhachium
1528 2849 1735 2919 venit,
1774 2863 1901 2902 cum
1936 2850 2069 2920 pri-

229 2947 384 2986 mum
427 2948 631 3006 agmen
661 2931 916 3005 Pompeii
953 2935 1147 3004 procul
1183 2943 1559 3000 cerneretur,
1600 2943 1773 3001 atque
1823 2927 1905 2982 ibi
1958 2945 2069 2985 ca-

229 3023 354 3065 stra
401 3013 608 3083 posuit.
659 3011 960 3087 Pompejus
1010 3013 1347 3066 interclusus
1383 3008 1761 3083 Dyrrachio,
1792 3007 1885 3062 ubi
1920 3026 2067 3081 pro·
2106 3025 2183 3092 42

229 3090 485 3163 positum
525 3105 722 3148 tenere
753 3109 864 3147 non
914 3092 1146 3164 potuit,
1196 3090 1443 3146 secundo
1479 3105 1607 3144 usus
1637 3086 1910 3160 consilio,
1941 3089 2065 3144 edi·

233 3180 302 3224 to
343 3171 470 3226 loco
501 3211 520 3242 ,
563 3173 660 3244 qui
705 3173 1026 3244 appeilatur
1055 3130 1276 3241 Petra,
1316 3167 1647 3246 aditumque
1676 3165 1849 3221 habet
1900 3170 2069 3226 navi-

231 3247 340 3304 bus
372 3249 756 3322 mediocrem,
801 3265 974 3344 atque
1015 3267 1112 3305 eas
1163 3266 1197 3304 a
1250 3247 1585 3321 quibusdam
1630 3248 1883 3322 protegit
1914 3266 2069 3305 ven-

231 3328 358 3404 tis,
407 3343 596 3388 castra
642 3333 982 3390 communit.
1029 3329 1120 3386 Eo
1187 3340 1415 3405 partem
1482 3325 1715 3384 navium
1768 3319 2131 3406 longarum
