2459 3834
230 17 615 32 --v-—q-rwv-ae-,-->ss-
660 17 765 24 --—---
804 17 807 20 Δ
862 19 895 22 --

785 120 1289 176 FRAGMENTA.
1812 99 1963 199 589

136 226 291 290 quem
330 203 476 266 alius
496 201 658 263 modi
677 199 716 279 ,¹
737 216 914 280 atque
953 205 1142 262 omnis
1169 215 1378 260 natura
1408 197 1618 274 finxit,
1647 217 1778 261 suos
1804 200 1968 279 quis-

138 311 237 370 que
262 291 434 350 habet
471 305 657 346 σαι-οε.
700 285 998 344 Priscian.
1024 284 1118 342 his
1151 282 1194 341 t.
1228 285 1287 340 6.
1320 291 1386 341 et
1414 297 1472 363 7.
1504 291 1568 340 et
1590 283 1633 340 I.
1670 301 1763 361 13.

598 444 970 506 1NcER‘rA
1015 443 1132 504 Ex
1159 441 1479 518 usnem.

243 533 426 592 Erunt
467 527 662 587 officia
696 531 1080 598 antelucana,
1133 525 1195 582 in
1246 543 1367 598 quae
1415 525 1679 584 incidere
1726 524 1965 602 impune

135 633 204 672 ne
239 613 449 672 Catoni
492 610 724 685 quidem
753 609 965 680 licuit,
996 621 1167 682 quem
1209 616 1404 660 tamen
1436 603 1511 661 C.
1554 603 1701 664 Caes.
1749 609 1837 665 ita
1860 626 1967 690 re-

135 695 432 772 prehendit
463 733 484 762 ,
515 705 578 747 ut
620 689 853 748 laudet:
896 685 1182 744 describit
1215 685 1378 762 enim
1428 703 1526 743 eos
1552 727 1573 763 ‚
1608 689 1814 762 quibus
1850 690 1967 750 ob-

134 777 254 833 vius
297 773 474 830 fuerit
501 811 523 842 ,
567 788 696 826 cum
749 781 922 842 caput
988 767 1137 823 ebrii
1192 766 1539 824 retexissent
1577 807 1600 839 ‚
1650 770 1966 844 erubuisse,

135 855 334 916 deinde
363 851 568 930 adjicit
601 868 616 908 :
659 849 904 908 Putares
938 865 1050 904 non
1081 846 1153 901 ab
1195 846 1314 901 illis
1343 844 1663 919 Catonem,
1689 851 1791 904 sed
1834 853 1969 908 illos

135 933 406 990 aCatone
427 931 831 1005 deprehensos.
885 927 1167 985 Potuitne
1216 928 1341 1000 plus
1381 928 1755 986 auctoritatis
1787 931 1967 988 tribui

138 1012 383 1086 Catoni,
433 1028 604 1088 quam
645 1011 693 1067 si
733 1010 926 1066 ebrius
967 1021 1086 1066 tam
1143 1006 1493 1064 venerabilis
1533 1005 1709 1066 erat?
1758 1023 1969 1068 nostrae

139 1107 324 1152 tamen
373 1109 548 1149 coenae
579 1103 643 1168 ut
685 1102 1037 1167 apparatus,
1082 1099 1142 1144 et
1181 1085 1514 1160 impendii,
1554 1089 1639 1145 sic
1683 1093 1971 1165 temporis

138 1176 332 1232 modus
380 1184 650 1232 constetz
700 1188 884 1246 neque
921 1171 1076 1226 enirn
1123 1167 1188 1224 hi
1236 1185 1460 1240 sumus,
1488 1186 1629 1242 quos
1660 1170 1971 1245 vitupera-

135 1273 199 1311 re
239 1271 310 1310 ne
359 1254 588 1312 inimici
606 1253 854 1326 fquidem
907 1259 1142 1324 possunt
1172 1288 1194 1321 ,
1229 1248 1342 1304 nisi
1384 1261 1453 1307 ut
1488 1250 1660 1306 simul
1712 1253 1970 1314 laudent.

135 1334 244 1393 Ex
282 1332 443 1392 Ptin.
467 1331 508 1389 I.
547 1351 601 1408 3.
638 1333 811 1404 epist.
849 1331 929 1387 ad
967 1327 1155 1387 Attil.
1190 1324 1245 1385 S
1248 1343 1409 1386 ever.

251 1411 318 1470 C.
364 1414 544 1472 etiam
585 1409 777 1468 Caesar
827 1411 1023 1486 gravis
1077 1420 1281 1466 auctor
1323 1409 1535 1483 linguae'
1580 1409 1803 1467 Latinae
1829 1451 1850 1484 ‚
1908 1414 1972 1470 in

131 1491 524 1551 Anticatone:
568 1491 795 1564 Unius,
833 1492 1072 1566 inquit,
1119 1491 1509 1564 arrogantiae,
1554 1490 1973 1571 superbiaeque⁸

132 1575 592 1654 dominatusque.
625 1571 740 1632 Ex
767 1567 924 1630 Gen.
977 1570 1021 1630 Ι.
1061 1586 1122 1646 4.
1153 1586 1204 1626 c.
1238 1570 1331 1630 16.
1758 1591 1761 1600 ’

286 1733 402 1793 DE
446 1730 518 1792 C.
567 1730 777 1806 JUI‘JI
831 1727 1188 1793 CAESARIS
1254 1729 1285 1784 I
1406 1727 1816 1797 CATONEM

569 1812 924 1872 SCRIPTIS
983 1809 1289 1868 TESTIM
1347 1809 1512 1870 NIA.

246 1892 452 1968 Qualis
492 1893 686 1952 futura
731 1895 808 1950 sit
839 1891 1084 1951 Caesaris
1118 1891 1477 1965 vituperatio
1514 1903 1725 1952 contra
1760 1896 1977 1954 lauda-

124 1973 349 2031 tionem
382 1989 568 2031 meam
589 2016 612 2048 ,
653 1974 918 2047 perspexi
960 1990 1031 2031 eo
1057 1971 1222 2028 'libro
1246 2011 1265 2045 ‚
1305 1989 1474 2048 quem
1516 1973 1749 2032 Hirtius
1779 1978 1851 2032 ad
1880 1995 1977 2036 me

124 2055 296 2112 misit
316 2095 336 2128 ‚
383 2056 446 2110 in
476 2071 588 2130 quo
629 2055 864 2130 colligit
896 2054 1044 2112 vitia
1083 2049 1331 2109 Catonis
1359 2092 1383 2125 ,
1414 2053 1511 2113 sed
1554 2055 1683 2112 ‘eum
1708 2059 1979 2120 maximis

123 2135 390 2194 laudibus
425 2134 606 2192 meis:
639 2137 838 2210 itaque
877 2136 1014 2190 misi
1056 2133 1267 2189 librum
1309 2133 1385 2192 ,ad
1417 2133 1681 2192 Muscam
1703 2176 1723 2208 ‚
1754 2149 1819 2194 ut
1862 2141 1979 2196 tuis

123 2214 390 2296 librariis
419 2215 584 2276 daret
615 2231 631 2275 z
659 2218 794 2272 volo
836 2213 994 2272 enim
1035 2229 1166 2270 eum
1191 2213 1509 2286 divulgari.
1542 2213 1877 2276 Eae-Cicer.
1897 2220 1982 2276 ad

119 2294 340 2353 Attic.
383 2292 522 2350 libr.
580 2311 672 2353 12.

247 2373 444 2432 Hirtii
493 2373 802 2447 epistolam
844 2373 896 2430 si
948 2371 1202 2448 legeris,
1242 2388 1363 2446 quae
1402 2372 1551 2434 inibi
1572 2369 1601 2449 ,'
1642 2376 1807 2452 quasi
1836 2395 1979 2456 apa-

117 2449 354 2514 πλασμα
385 2452 620 2510 videtur
667 2454 794 2528 ejus,
822 2451 1277 2528 vituperationis
1301 2491 1322 2525 ,
1363 2469 1533 2527 quam
1581 2453 1774 2514 Caesar
1820 2459 1979 2516 scri-

118 2531 249 2606 psit
295 2530 368 2588 de
409 2531 652 2590 Catone.
696 2534 808 2590 Ex
852 2533 990 2592 libr.
1049 2551 1142 2592 12.
1173 2533 1254 2590 ad
1285 2533 1498 2595 Attic.
1747 2603 1759 2606 -

251 2607 404 2668 Cum
446 2613 594 2670 mihi
623 2614 834 2670 Balbus
865 2631 1044 2688 nuper
1087 2616 1152 2670 in
1181 2613 1487 2682 Lanuvino
1524 2617 1891 2695 dixisset‚.se
1916 2629 1983 2677 et

117 2689 390 2766 Oppium
439 2695 738 2768 scripsisse
767 2695 842 2750 ad
883 2692 1170 2750 Caesarem
1191 2733 1212 2766 ‚
1244 2710 1340 2749 me
1368 2695 1591 2771 legisse
1620 2699 1810 2774 libros·
1828 2717 1981 2757 cou-

116 2785 220 2908 aa
265 2770 556 2833 Catonem
587 2814 610 2850 ‚
641 2787 704 2831 et
754 2773 1128 2833 vehementer
1174 2773 1464 2853 probasse.
1495 2777 1609 2835 Ex
1639 2777 1778 2836 libr.
1810 2782 1955 2862 3.αό

199 2853 346 2915 ttic·
789 2875 796 2882 .
1064 2915 1070 2922 ι
1259 2873 1263 2877 -
1402 2877 1412 2886 .
1498 2851 1553 2883 ἶ.
1598 2851 1608 2885 ἶ
1652 2877 1657 2882 .
1944 2913 1956 2922 ,

249 2933 478 3008 Quibus
529 2933 794 2992 omnibus
841 2935 1147 3011 generibus
1197 2951 1329 2992 usus
1390 2946 1483 2992 est
1524 2936 1702 2996 nimis
1745 2941 1984 3018 impru-

113 3013 336 3069 denter
359 3013 551 3072 Caesar
590 3031 793 3074 contra
815 3013 1102 3074 Catonem
1135 3033 1349 3072 meum.
1382 3015 1494 3072 Ex
1535 3015 1659 3082 Cic.
1695 3019 1758 3080 in
1779 3021 1980 3100 Top’ic.

247 3094 342 3150 M.
383 3093 688 3152 Ciceronis
747 3096 941 3169 libro',
993 3107 1111 3170 quo
1160 3093 1454 3153 Catonern
1490 3099 1660 3154 ‘coelo
1711 3111 1981 3178 aequavit,

112 3170 268 3245 quid
317 3176 477 3230 aliud
524 3175 805 3234 Dictator
847 3175 1042 3234 Caesar
1071 3217 1092 3249 ,
1141 3193 1313 3252 quam
1355 3179 1645 3252 rescripta
1695 3187 1981 3262 oratione,

113 3253 477 3326 veluttapnd
517 3256 756 3329 Judices
805 3253 1154 3330 respondit?
1204 3256 1316 3313 Ex
1347 3257 1547 3314 Tacit.
1592 3257 1728 3316 libr.
1759 3280 1819 3336 4.

247 3331 478 3408 Hisque
533 3355 696 3395 usum
745 3336 815 3398 C.
864 3338 1156 3398 Caesarem
1198 3339 1265 3395 in
1315 3339 1709 3417 vituperando
1752 3333 1978 3408 caton}
