2459 3834
572 152 576 154 .
804 111 957 166 m.
1010 111 1084 165 A.
1139 111 1432 167 maru..
1875 113 2025 196 457

183 189 699 251 centenismilites
720 190 985 249 donavit.
1010 193 1203 249 Multa
1227 206 1540 267 praeterea,
1568 197 1629 247 et
1649 208 1857 269 magna
1890 214 2036 271 prae-

177 273 307 329 mia
336 275 575 349 singulis
604 274 959 348 eopcedebat
978 313 999 346 ,
1028 292 1149 349 quae
1178 274 1501 347 speciosum
1532 275 1851 332 reddebant
1887 296 2030 350 prae-

174 367 405 409 sentem
434 356 726 411 exercitus
754 350 1013 411 amorem
1036 393 1055 425 ,
1084 355 1384 427 paullatim
1420 369 1612 409 tamen
1635 393 1654 425 ,
1697 369 1759 411 et
1797 361 2024 417 occulte

175 435 501 491 militarem
530 435 903 508 disciplinam
926 474 945 506 ,
979 437 1466 508 severitatemque
1494 434 1845 494 minuebant.
1869 438 2026 495 Cas-
2063 452 2145 511 49

173 514 301 576 sius
324 552 345 586 ,
374 516 700 589 legionibus
720 516 783 570 in
810 516 1058 571 hiberna
1088 516 1392 588 dispositis
1413 554 1432 586 ,
1482 516 1554 570 ad
1595 515 1682 588 jus
1713 518 2028 577 dicendum

172 590 511 651 Cordubam
542 614 603 651 se
636 596 899 668 recepit,
940 591 1508 668 contractumque'in
1551 610 1618 651 ea
1659 614 1733 653 κε
1773 601 2026 657 alienum

158 676 544 747 gravissimis
572 676 842 735 oneribus
877 676 1186 746 provinciae
1214 675 1524 732 con-stituit
1554 680 1850 735 exsolvere
1875 702 1896 752 3
1938 696 2022 755 et,
2067 725 2071 731 .

176 767 243 807 ut
282 756 617 828 largitionis
656 758 905 825 postulat
946 757 1342 827 consuetudo,
1383 772 1485 827 per
1523 771 1756 811 causam
1795 760 2024 819 libera-

174 833 372 891 litatis
415 836 735 906 speciosam
780 839 939 907 plura
972 836 1244 911 largitori
1281 835 1722 909 quaerebantur-3
1765 844 2023 914 pecuniae

172 915 561 986 locupletibus
593 915 1065 989 imperabantur-3
1096 934 1237 989 quas
1265 916 1562 990 Longinus
1590 916 1702 983 sibi
1743 935 2018 991 expensas
2101 968 2116 998 ,

183 992 331 1048 ferri
386 1013 497 1052 non
550 1010 775 1053 tantum
816 998 1141 1069 patiebatur
1170 1037 1189 1069 ,
1237 998 1338 1053 sed
1389 996 1582 1053 etiam·
1620 998 1862 1073 cogebat
1887 1018 1900 1057 ε
1956 1004 2019 1059 in

165 1090 445 1147 ‚gt-egem,
480 1080 835 1149 locupletum
883 1078 1245 1133 simultatum
1287 1094 1474 1132 causae
1499 1090 1696 1133 tenues
1743 1081 2020 1155 conjicie-

187 1152 419 1211 bantur.
450 1155 655 1231 Neque
684 1159 859 1213 ullum
888 1174 1064 1231 genus
1092 1170 1338 1230 quaestus
1360 1196 1378 1229 ‚
1405 1168 1506 1227 aut
1533 1160 1727 1230 magni
1750 1200 1770 1229 ‚
1799 1174 1860 1215 et
1889 1162 2015 1217 evi-

171 1232 371 1291 dentis
390 1276 417 1309 „
436 1251 536 1295 aut
568 1238 841 1308 minimi,
868 1250 928 1293 et
966 1238 1182 1295 sordici
1205 1278 1225 1307 ,
1259 1238 1806 1311 praetermittebatur
1829 1280 1849 1313 ‚
1897 1260 2014 1313 quo

174 1314 425 1386 domus,
476 1328 536 1371 et
580 1316 831 1373 tribunal
883 1319 1256 1390 imperatoris
1311 1331 1566 1373 vacaret.
1615 1318 1808 1376 Nemo
1861 1336 2011 1395 erat,

174 1390 237 1437 ⁶3
268 1397 367 1467 qui
398 1397 573 1463 modo
622 1398 875 1471 aliquam
916 1398 1201 1471 jacturam
1249 1397 1444 1453 facere
1485 1412 1676 1470 posset
1699 1439 1718 1470 ‚
1747 1401 1882 1472 quin
1911 1416 2014 1459 aut

173 1469 244 1517 ⁶4¹
264 1476 597 1533 vadimonio
622 1490 915 1538 teneretur
934 1517 955 1550 ,
983 1492 1080 1535 aut
1112 1480 1175 1534 in
1204 1496 1333 1541 reos
1359 1478 1694 1535 referretur.
1719 1481 1811 1536 lta
1831 1479 2014 1542 'etiam

170 1570 383 1629 magna
410 1558 743 1613 sollicitudo
766 1559 1148 1629 periculorum
1178 1560 1251 1615 ad
1275 1558 1563 1632 jacturas,
1590 1572 1651 1615 et
1679 1560 2016 1617 detrimen-
2209 1628 2217 1637 ,

166 1645 230 1689 ta
282 1638 367 1695 rei
408 1638 716 1695 familiaris
764 1638 1195 1713 adjungebatur.
1247 1637 1470 1713 Quibus
1498 1641 1572 1693 de
1599 1643 1788 1697 causis
1835 1646 2014 1699 acci··.··
2050 1665 2126 1727 50

168 1715 305 1788 dit,
344 1732 408 1775 ut
454 1724 583 1775 cum
634 1718 927 1793 Longinus
972 1720 1294 1793 imperator
1344 1718 1546 1775 eadem
1579 1719 1837 1794 faceret,
1884 1741 2008 1797 quae
2081 1742 2086 1745 ·

164 1794 389 1866 facere-t
436 1814 723 1873 quaestor,
770 1800 989 1855 similia
1032 1814 1225 1855 rursus
1255 1802 1328 1855 de
1357 1814 1548 1857 morte
1597 1800 1712 1875 ejus
1757 1808 2010 1875 provin-

163 1876 343 1933 ciales
372 1880 615 1934 consilia
648 1880 885 1935 inirent.
916 1880 1137 1935 Horum
1180 1881 1374 1937 odium
1415 1878 1833 1939 confirmabant
1862 1903 2008 1942 non-

166 1956 309 2012 nulli
342 1957 658 2018 familiares
682 1959 838 2032 ejus:
870 1960 969 2033 qui
995 2000 1013 2031 ,
1054 1977 1183 2017 cum
1214 1962 1273 2015 in
1325 1962 1424 2015 illa
1474 1962 1756 2017 societate
1799 1982 2008 2026 versa-

164 2040 367 2093 rentur
400 2040 730 2112 rapinarum
754 2079 773 2112 ,
818 2041 1195 2112 nibilominus
1224 2040 1470 2112 oderant
1497 2058 1626 2095 eum
1652 2081 1671 2114 ‚
1715 2043 1870 2116 cujus
1899 2065 2005 2105 no-

164 2120 323 2173 mine
368 2121 684 2191 peccabant
708 2159 727 2191 ,
757 2119 983 2192 sibique
1010 2121 1161 2193 quod
1190 2132 1499 2193 rapuerant
1527 2161 1546 2191 ,
1594 2117 1894 2193 acceptum
1919 2126 2004 2181 fe-

166 2198 369 2263 rebant
396 2216 411 2255 :
441 2202 593 2273 ,quod
628 2202 1045 2270 interciderat,
1076 2214 1177 2257 aut
1206 2202 1829 2274 eratinterpellatum,
1857 2202 2004 2261 Cas·
2075 2254 2086 2263 ,

163 2276 253 2331 sio
284 2273 693 2351 assignabant:
748 2300 803 2335 v.
856 2282 1145 2355 legionem
1179 2298 1386 2337 novam
1430 2281 1788 2353 conscribit,
1829 2301 2004 2355 auge.-

164 2367 263 2411 tur
294 2358 489 2416 odium
535 2372 596 2415 et
640 2376 711 2415 ex
739 2361 867 2431 ipso
894 2362 1123 2416 delectu
1145 2400 1164 2432 ,
1208 2374 1273 2415 et
1301 2374 1533 2433 sumptu
1576 2362 1785 2417 additae
1813 2368 2001 2438 legio·
2075 2424 2081 2431 ,

162 2436 255 2493 nis
280 2454 294 2493 ε
326 2442 687 2513 complentur
716 2442 973 2512 equitum
1014 2449 1143 2495 1'11.
1176 2442 1362 2496 millia
1387 2478 1406 2509 ,
1447 2442 1828 2517 maximisque
1855 2463 1994 2501 one-

161 2530 362 2572 rantur
404 2519 717 2591 impensis:
758 2538 867 2575 nec
918 2517 1432 2593 provinciaeflatur
1465 2525 1578 2575 ulla
1608 2524 1857 2601 requies.
1899 2526 1998 2581 In-
2043 2554 2123 2627 53«

162 2598 330 2653 terim
360 2597 561 2655 literas
600 2600 829 2670 accepit
867 2616 900 2653 a
928 2599 1195 2673 Caesare,
1228 2616 1290 2656 ut
1339 2603 1400 2655 in
1451 2600 1718 2659 Africam
1761 2608 1996 2661 exerci-

162 2688 283 2733 tum
334 2678 695 2755 transjiceret
716 2718 737 2752 ‚
766 2698 975 2754 perque
1024 2682 1444 2739 Mauritaniam
1478 2683 1551 2737 ad
1585 2680 1730 2739 fines
1771 2682 1996 2741 Numi-

1423 2768 1668 2839 JK,

550 2864 570 2883 N
619 2866 623 2869 '
1419 2870 1425 2875 ¹
1702 2886 1712 2897 ,

180 2886 251 2945 ,63
286 2892 377 2945 ,Qui
402 2892 531 2939 modo
561 2893 765 2950 aliquam
796 2891 1042 2951 jacturam
1109 2904 1223 2953 cap.
1251 2895 1299 2941 8.
1333 2904 1426 2952 pro
1453 2890 1648 2939 Milone
1679 2903 1792 2951 cap.
1825 2903 1910 2952 27.
1939 2902 1994 2942 et

153 2952 339 3004 facere)
370 2954 465 3011 Qui
496 2966 731 3013 sumptus
760 2954 955 3013 facere,
986 2963 1040 3004 et
1105 2956 1320 3005 Caesaris
1349 2970 1442 3003 111.
1468 2956 1582 3003 Civ.
1605 2963 1824 3004 extrem.
1951 2968 1954 2977 ·

64 3072 71 3077 ‚
158 3025 361 3073 erogare
387 3026 585 3076 posset,
612 3017 805 3078 quique
833 3021 913 3065 vel
936 3032 1039 3065 me·
1150 3016 1221 3079 64
1273 3022 1542 3068 Vadimonio
1585 3020 1880 3072 teneretur.)
1918 3022 1992 3069 Ut

156 3074 395 3125 diocriter
424 3082 693 3139 opulentus
718 3089 865 3127 essct.
894 3085 1035 3141 saepe
1100 3083 1464 3131 Vadimonium
1485 3091 1560 3130 est
1581 3082 1781 3142 sponsi-o
1805 3083 1991 3133 sisten-
2065 3113 2070 3119 -

158 3136 264 3185 haec
284 3152 381 3187 vox
394 3140 461 3189 'de
480 3144 784 3204 largitione,
810 3158 869 3191 ac
894 3158 1033 3193 sum·
1098 3146 1149 3193 di
1178 3147 1312 3195 ses-in
1341 3145 1557 3203 judicio,
1581 3147 1656 3195 ita
1691 3147 1850 3195 tener'l
1896 3148 1988 3197 illo

6 3220 31 3227 -
154 3209 258 3261 ptu.
283 3203 457 3251 Cicero
480 3219 571 3265 pro
602 3210 781 3255 Flacco
802 3244 815 3265 ‚
842 3222 956 3267 cap.
984 3218 1033 3268 5.
1100 3218 1177 3257 est
1209 3210 1539 3275 spopondisse
1557 3246 1570 3269 ‚
1611 3218 1664 3259 et
1707 3210 1990 3263 obstrIcum

158 3271 265 3321 ,Quae
274 3268 493 3324 jactura?
516 3276 591 3329 qm·
609 3273 859 3329 sumptus?
880 3288 1036 3331 quan·
1100 3286 1209 3323 esse
1241 3274 1308 3323 de
1331 3287 1386 3323 se
1405 3273 1650 3323 sistendo.

154 3337 207 3379 ta
230 3332 471 3391 largitio?
523 3333 623 3384 Adi
662 3348 757 3397 pro
798 3337 1037 3391 Cluentio
1594 3370 1602 3377 ι
