2459 3834
930 141 978 196 1.
1005 147 1036 196 1
1059 145 1112 197 B
1137 145 1181 196 E
1206 141 1261 196 R
1323 146 1423 199 ιι.
1542 203 1549 210 ,
1940 141 2083 220 325

261 230 622 303 putaverant.
673 222 927 312 Itaque,
947 227 1142 281 multis
1185 222 1551 297 interfectis,
1580 223 1827 301 reliquos
1866 225 2085 281 infecta

261 321 324 360 re
341 306 402 361 in
431 305 708 396 oppidani
737 293 1088 378 repulerunt.
1119 303 1441 361 Trebonius
1470 321 1567 374 ea,
1588 323 1709 381 quae
1737 320 1867 362 sunt
1897 308 2082 362 amis-
2131 309 2201 372 ἲς

257 401 359 456 sa,
387 388 572 441 multo
598 385 814 462 majore
855 385 1045 442 studio
1077 387 1328 442 militum
1360 385 1812 460 administrare,
1841 399 1900 443 et
1939 385 2089 442 refi-

253 481 389 520 cere
419 466 692 521 instituit.
733 465 886 522 Nam
918 466 1013 522 ubi
1054 479 1245 522 tantos
1274 482 1403 522 suos
1433 467 1655 522 labores
1676 507 1694 538 ,
1742 481 1803 522 ct
1834 484 2087 540 appara-

247 555 348 600 tus
376 549 526 605 male
555 533 832 602 cecidisse
875 547 1184 616 viderunt,
1213 546 1569 618 induciisque
1602 563 1701 620 per
1733 551 1913 602 scelus
1947 548 2087 603 vio*

237 625 394 680 ‘latis
415 642 574 680 suam
598 628 875 682 virtutem
907 627 1102 682 irrisui
1127 625 1252 682 fore
1285 627 1687 698 pei-doluerunt
1710 667 1729 696 ,
1758 629 1948 702 quod,
1980 645 2086 682 un·

195 755 201 763 .
247 705 329 762 de
379 713 554 781 agger
601 707 840 762 omnino
889 708 1244 779 comportari
1284 719 1514 780 posset,
1565 706 1712 761 nihil
1756 720 1883 762 erat
1930 707 2085 762 reli-

251 801 464 858 quum,
493 787 756 842 omnibus
785 787 1083 856 arboribus
1103 789 1303 858 longe,
1333 789 1559 860 lateque
1589 786 1648 840 in
1680 781 1887 866 finibus
1917 785 2099 882 Mass

218 889 222 898 ·
249 864 567 927 sinensium
599 865 846 939 excisis,
875 878 936 922 et
966 867 1297 938 convectis;
1338 881 1643 940 „aggerem
1674 867 1808 922 novi
1832 857 2079 942 generis,

249 959 428 1018 atque
455 946 778 1002 inauditum
818 962 889 1001 cx
919 947 1193 1001 lateritiis
1232 945 1445 1000 duobus
1476 947 1688 1017 muris,
1722 945 1920 1004 senum
1968 965 2088 1017 pe·-

234 1023 386 1082 ‘dum
417 1027 838 1098 crastitudine,
877 1039 1049 1100 atque
1095 1041 1293 1080 eorum
1330 1041 1620 1080 murorum
1667 1027 2080 1100 contignatio-

240 1121 383 1162 nem
413 1105 642 1162 facere
627 1107 1035 1176 instituerunt,
1064 1123 1218 1179 aequa
1252 1103 1372 1160 fere
1411 1099 1751 1176 altitudine,
1776 1121 1947 1180 atque
1975 1107 2078 1182 ille

241 1181 578 1260 congestus
577 1203 660 1241 ex
688 1187 936 1240 materia
965 1185 1152 1240 fuerat
1196 1201 1389 1260 agger.
1422 1181 1541 1239 Ubi
1590 1198 1783 1240 autem
1824 1187 2075 1268 spatium

236 1263 406 1320 inter
438 1283 670 1337 muros,
699 1280 797 1321 aut
829 1265 1199 1321 imbecillitas
1231 1265 1485 1320 materiae
1516 1266 1804 1336 postulare
1836 1261 2077 1324 videre-

238 1356 381 1415 tur,
411 1347 538 1418 pilae
567 1347 1051 1418 interponuntur,
1083 1344 1499 1400 transversaria
1532 1344 1689 1416 tigna
1717 1343 2108 1418 injiciuntur,‘

239 1432 374 1499 quae
405 1424 767 1482 firmamento
821 1443 946 1481 esse
989 1424 1255 1498 possint:
1306 1435 1366 1480 et
1412 1424 1688 1498 quidquid
1740 1437 1828 1478 est
1876 1427 2080 1481 conti-

243 1516 524 1578 gnatum,
551 1506 804 1561 cratibus
833 1506 1222 1561 consternitur
1247 1544 1268 1576 ,
1303 1517 1603 1576 cratesque
1644 1505 1765 1560 luto
1796 1505 2079 1580 integrm-³

243 1595 368 1640 tur.
399 1583 556 1656 „Sub
589 1598 747 1642 tecto
788 1587 954 1641 miles
987 1586 1220 1640 dextera
1252 1623 1270 1653 ,
1300 1585 1369 1640 a‘c
1408 1583 1645 1640 sinistra
1675 1599 1839 1640 muro
1870 1599 2078 1658 tectus,

245 1665 526 1722 adversus
553 1666 731 1737 plutei
764 1664 989 1738 objecto
1017 1665 1178 1738 operi
1209 1667 1570 1740 quaecumque
1601 1664 1731 1718 usui
1760 1663 1889 1720 s'unt
1909 1705 1931 1738 ,
1952 1667 2079 1737 sine

241 1747 508 1819 periculo
537 1756 854 1818 supportat.
890 1740 1176 1800 Celeriter
1204 1761 1294 1798 res
1324 1744 1763 1798 administratur
1796 1760 1809 1800 ε
1840 1745 2081 1803 diutur-

246 1824 317 1878 ni
357 1825 573 1881 laboris
603 1821 660 1860 ¹⁶
702 1824 1114 1880 detrimentum
1147 1825 1387 1880 solertia
1416 1863 1437 1896 ,
1464 1834 1526 1878 et
1568 1823 1787 1879 virtute
1818 1826 2077 1881 militum

249 1901 420 1958 brevi
472 1897 924 1960 reconcinnetur.
963 1903 1150 1964 Portae
1171 1943 1192 1974 ‚
1221 1903 1437 1977 quibus‘
1462 1904 1607 1959 locIs
1638 1903 1905 1976 videtur,
1933 1923 2077 1961 eru-⁵

244 1984 474 2056 ptionis
497 2001 666 2040 causa
693 1985 754 2038 in
786 2001 946 2040 muro
987 1985 1404 2057 relinquuntur.
1430 1979 1598 2056 Quod
1634 1983 1727 2038 ubi
1762 1983 1954 2040 hostes
1985 1987 2073 2042 vi-

242 2063 494 2138 derunt·
479 2081 648 2136 ,ea,
675 2081 794 2137 quae
835 2065 932 2118 diu
957 2066 1291 2138 ,longoque
1321 2065 1514 2136 spatio
1546 2059 1707 2118 refici
1754 2077 1865 2120 non
1913 2067 2077 2150 posse

241 2157 572 2214 sperassent
595 2183 615 2216 ,
655 2161 963 2216 paucorum
1001 2143 1225 2198 dierum
1273 2158 1495 2215 opera,
1523 2155 1585 2197 et
1614 2142 1814 2200 labore
1855 2144 1939 2199 ita
1972 2164 2080 2202 re-

240 2221 443 2296 fecta,
475 2236 538 2279 ut
590 2225 774 2280 nullus
817 2221 1110 2296 perfidiae,
1142 2239 1323 2294 neque
1371 2221 1661 2294 eruptioni
1705 2225 1862 2278 locus
1902 2239 2075 2284 esset.

238 2317 423 2374 neque
467 2304 775 2378 quidquam
815 2304 1050 2358 omnino
1081 2303 1499 2374 relinqueretur
1520 2341 1541 2372 ‚
1570 2317 1682 2374 quo
1712 2315 1811 2356 aut
1836 2303 1901 2366 ,vi
1946 2307 2079 2361 mi-

237 2381 462 2454 litibus,
483 2384 728 2458 autjgni
757 2384 1026 2454 operibus
1058 2381 1253 2436 noceri
1286 2385 1509 2454 posset:
1540 2382 1855 2455 eodemque
1878 2401 2077 2441 exem-

241 2463 343 2533 plo
371 2463 628 2518 sentiunt
663 2475 846 2518 totam
879 2463 1073 2516 urbem
1096 2501 1116 2534 ‚
1145 2478 1255 2533 qua
1284 2463 1363 2517 sit
1391 2461 1581 2520 aditus
1613 2461 1691 2514 ab‘
1714 2473 1869 2518 terra
1888 2504 1908 2534 ‚
1945 2473 2070 2522 niu-⁴

243 2557 313 2596 ro
336 2544 744 2615 ,Jturribusque
775 2542 1069 2607 circumiri
1102 2558 1303 2612 posse,
1331 2542 1449 2611 sic,
1483 2553 1541 2595 ut
1584 2541 1723 2612 ipsis
1754 2545 2076 2600 consisten-

241 2619 304 2691 di
338 2620 397 2674 in
428 2625 540 2676 suis
569 2620 982 2692 munitionibus
1013 2624 1166 2678 locus
1200 2637 1308 2676 non
1350 2633 1503 2694 esset
1524 2660 1545 2694 2
1573 2638 1697 2675 cum
1734 2639 1875 2693 pene
1925 2625 2075 2680 inae-

237 2698 479 2758 dificata
509 2702 568 2756 in
601 2701 780 2756 muris
829 2700 904 2756 ab
953 2703 1212 2756 exercitu
1245 2715 1443 2773 nostro
1472 2702 1686 2757 muenia
1716 2702 2075 2776 viderentur,

238 2795 312 2834 ac
373 2783 490 2838 tela
541 2798 708 2835 manu
749 2781 1210 2854 conjicerentur3
1260 2796 1603 2856 suorumque
1654 2789 2094 2842 tormentorum'

238 2875 436 2930 usum,
467 2859 668 2933 quibus
697 2861 810 2932 ipsi
831 2877 1046 2934 ,magna
1079 2861 1496 2934 sper-avissent,
1526 2862 1714 2932 spatio
1738 2863 2076 2936 propinqui·

233 2940 381 2996 tatis
412 2941 704 3013 interire3
735 2941 972 3016 parique
1012 2938 1349 2996 conditione
1379 2957 1413 2996 e
1441 2955 1605 3013 muro
1625 2979 1647 3012 ‚
1699 2957 1769 2996 ac
1818 2944 2075 3002 turribus

307 3161 376 3208 16
440 3167 796 3212 Detrimentum
823 3165 1130 3211 reconez‘rma-
1191 3163 1390 3212 edifico
1433 3199 1449 3223 ‚
1498 3165 1695 3228 reliqua
1752 3168 2071 3220 reconcinno.

237 3224 466 3273 tur->Ab
487 3226 768 3276 editoribus
797 3227 894 3275 hoc
913 3227 1129 3274 verbum
1191 3228 1407 3275 Caesaris
1454 3237 1630 3278 autem
1679 3235 1813 3282 MSS.
1856 3242 1909 3282 et
1963 3241 2073 3282 vct-

241 3285 495 3336 insertum
529 3299 646 3348 est.
663 3301 738 3338 ut·
747 3291 928 3338 Cicero
956 3301 1038 3338 11
1062 3289 1130 3336 ad
1193 3291 1319 3340 edit.
1344 3293 1758 3344 reconciliantur.

245 3349 308 3408 Q·
339 3347 486 3399 fratr
514 3353 678 3422 epist.
692 3367 768 3402 vx.
793 3354 972 3404 Tribus
1003 3351 1131 3402 locIs

2122 1965 2195 2020 ιθ
