2459 3834
601 91 704 146 nn
785 67 1060 142 BELLo'
1091 47 1394 138 iusim-r.
1758 83 1903 167 573

86 213 132 254 „
150 175 367 234 milites
386 211 407 247 ,
427 179 489 230 et
516 170 890 245 Imperatoris
917 169 1005 224 sui
1047 181 1269 226 morum
1300 161 1578 236 conscios,
1600 175 1772 240 atque
1802 171 1920 226 cle-

86 297 134 334 „
157 255 382 312 mentiae
404 292 424 323 ‚
473 253 584 308 hoc
613 250 856 307 remedii
897 263 1070 323 genus
1100 246 1456 320 excogitasse
1479 282 1500 316 ‚
1549 262 1621 301 ne
1664 247 1791 320 quis
1816 247 1919 306 fa·-

94 339 309 411 „ciem
362 332 474 406 ejus
506 332 730 388 videret
753 369 774 403 ,
822 341 883 386 ut
913 329 998 384 sic
1040 325 1221 382 nullus·
1251 325 1539 380 evaderet.
1590 322 1921 392 Cordubam
1984 335 1989 340 “

92 455 140 489 ,‚
160 412 416 487 Pompeji
447 411 758 481 tenebant,
807 407 998 464 Caesar
1040 405 1358 463 obsidebat.
1398 403 1523 459 Illis
1574 417 1765 461 tamen
1806 407 1921 462 ab·

92 533 141 569 „
160 493 412 549 sentibus
439 529 458 562 ,
501 492 696 546 multis
726 489 808 544 ibi
858 487 1038 543 etiam
1068 487 1293 560 magnis
1321 485 1533 567 praeliis
1560 482 1923 543 decertatum

92 613 140 647 ‚,
160 587 262 630 est.
329 571 585 642 Cumque
633 566 728 624 die
776 567 1022 642 quodam
1072 566 1230 621 ferro
1249 601 1270 636 ,
1340 577 1401 619 et
1449 559 1696 621 flammis
1745 567 1923 623 solito

95 691 144 726 „
161 653 336 708 etiam
387 649 616 724 gravius
667 659 1010 722 pugnaretur
1031 678 1052 717 ,·
1101 641 1376 716 oppidani
1430 643 1521 697 ira
1560 643 1619 699 in
1668 641 1925 702 furorem

91 769 141 806 „
163 748 326 787 versa
359 723 651 801 hospites,
700 725 796 802 qui
827 725 1011 782 securi
1057 732 1248 779 secum
1282 721 1407 797 jure
1457 723 1671 778 veteris
1713 721 1923 799 hospi-

93 825 145 884 ς,
169 811 238 866 tii
290 809 654 866 morabantur
675 841 696 879 ,
745 809 1100 878 inspectante
1139 799 1385 861 Caesaris
1410 803 1666 858 exercitu
1690 841 1711 874 ,
1745 804 1922 878 jugu-

96 891 311 962 „latos
340 900 372 942 e
403 883 578 943 muris
609 881 970 960 praecipitare
992 919 1012 956 ,
1041 881 1200 958 quasi
1231 879 1576 937 crudelitate
1597 921 1616 952 ‚
1646 898 1757 938 non
1789 883 1923 938 vir-

94 1005 144 1042 9,
167 980 289 1024 tute
315 966 560 1023 victoria.
589 977 955 1041 quaereretur,
981 965 1335 1036 inceperant.
1367 955 1763 1033 Spectacuium
1794 963 1921 1018 mi-

91 1086 144 1120 „
163 1039 371 1118 serum',
392 1059 562 1120 atque
584 1046 951 1103 horrendum.
980 1039 1108 1116 Qua
1131 1057 1194 1098 re
1215 1059 1285 1096 ex
1307 1037 1526 1116 gemitu
1550 1039 1922 1099 morientium

90 1163 136 1200 ,‚
157 1125 350 1182 audita
369 1160 391 1198 ,
423 1142 560 1182 unus
580 1163 601 1199 ,
649 1126 745 1200 qui
775 1124 847 1180 ad
881 1126 1120 1179 tutelam
1151 1115 1301 1177 muri
1342 1120 1443 1176 sub
1474 1128 1687 1176 terram
1720 1119 1779 1176 in
1809 1139 1923 1180 cu·-

93 1243 141 1280 „
165 1203 352 1261 niculo
382 1217 513 1260 erat
529 1239 551 1277 ,
600 1199 979 1260 exclamavit:
1030 1197 1277 1258 Tetrum
1307 1202 1487 1256 scelus
1508 1239 1527 1272 ‚
1577 1213 1639 1256 et
1669 1202 1919 1258 immane

94 1283 441 1360 „flagitium
465 1323 486 1356 ,
517 1287 779 1358 nullaque
808 1299 918 1339 non
949 1279 1219 1338 barbarie
1246 1278 1645 1336 detestandum
1676 1281 1921 1338 commi-

91 1401 140 1438 ‚‚
161 1363 317 1420 sistis
365 1363 574 1443 absque
624 1366 739 1420 ulls
782 1379 972 1419 >eausa
1023 1357 1194 1416 Nihil
1226 1359 1383 1417 enim
1434 1360 1570 1414 mali
1622 1359 1921 1416 mereban-

88 1481 137 1516 ,‚
161 1455 251 1499 tur
273 1479 294 1516 ,
341 1443 438 1516 qui
469 1442 614 1498 nihil
646 1442 783 1498 mali
815 1441 1113 1513 fecerant;
1163 1440 1261 1515 qui
1293 1438 1365 1495 ad
1398 1455 1499 1495 vos
1522 1477 1543 1512 ,
1592 1447 1923 1516 vestrasque

87 1561 138 1595 ‚‚
157 1539 216 1578 se
246 1535 374 1577 aras
393 1555 415 1594 ‚
444 1535 505 1579 et
535 1521 692 1579 focos
721 1519 970 1586 infausta
1000 1519 1210 1576 fiducia
1241 1519 1635 1576 contulissent.
1668 1519 1773 1592 Jus
1812 1519 1921 1576 ho-

93 1640 140 1675 ,‚
161 1599 326 1674 spitii
355 1613 612 1658 sanctum
645 1601 908 1677 gentibus
937 1593 1046 1657 soli
1071 1616 1175 1656 vos
1205 1594 1505 1672 sprevistis
1528 1638 1549 1672 ,
1591 1612 1760 1674 atque
1789 1600 1923 1654 uti-

90 1719 138 1754 „
159 1693 288 1736 nam
339 1682 621 1754 sprevisse
665 1679 971 1737 sufficeret.
1019 1675 1339 1737 Inhumano
1368 1677 1506 1733 illud
1535 1681 1750 1736 scelere
1778 1678 1924 1734 vio-

91 1798 139 1833 ‚‚
160 1761 340 1817 lastis.
381 1757 572 1816 Multa
602 1777 827 1835 quoque
857 1760 917 1815 in
959 1758 1108 1814 hanc
1148 1759 1496 1814 sententiam
1526 1757 1719 1831 dixit,-
1767 1769 1922 1832 quo-

88 1879 136 1913 „
156 1843 284 1896 runi
341 1840 685 1898 verecundia
717 1835 960 1913 repressi
1012 1837 1168 1894 cives
1217 1838 1290 1915 ak?
1340 1837 1631 1914 hospitum
1676 1833 1923 1894 caedibus

101 1958 150 1993 ‚,
173 1935 232 1976 se
279 1919 669 1976 continerunt.
717 1917 814 1976 Sic
863 1913 1152 1974 interdurn
1183 1918 1349 1973 unius
1378 1915 1513 1973 boni
1567 1917 1682 1972 viri
1709 1918 1921 1974 multos

99 2037 144 2072 ,‚
166 1997 320 2054 inter
368 2003 548 2055 malos
575 2000 756 2056 valuit
787 1991 1022 2070 orati03
1061 1999 1239 2053 etiam
1282 1998 1435 2052 inter
1466 1994 1663 2053 hostes
1682 2035 1703 2068 ‚
1742 1997 1925 2054 etiam

96 2095 320 2152 „suum
368 2079 643 2136 honorem·
673 2079 857 2136 virtus
885 2077 1128 2133 invenit.
1178 2077 1267 2133 Ea
1309 2085 1401 2132 r'es
1446 2078 1630 2131 relatu
1662 2071 1933 2135 transfu-'

99 2197 145 2231 ‚,
164 2175 244 2232 gae
299 2157 360 2212 in
408 2159 667 2213 exercitu
720 2159 966 2231 primum
995 2155 1239 2212 Caesaris
1287 2155 1562 2211 innotuit.
1611 2154 1729 2210 Die
1780 2173 1927 2230 pro-

98 2275 146 2310 „
164 2237 322 2294 ximo
372 2235 594 2293 Tullius
623 2237 856 2312 quidam
897 2253 1026 2292 cum
1075 2228 1302 2291 Catone
1349 2233 1594 2308 quodam
1643 2230 1925 2293 Lusitano

97 2319 385 2390 „legatus
433 2333 503 2371 ex
552 2315 767 2389 oppido
815 2315 888 2371 ad
935 2312 1220 2370 Caes'arem
1271 2314 1451 2369 venit.
1504 2311 1682 2386 Hujus
1739 2313 1927 2387 prima

92 2409 293 2469 „pars
344 2395 625 2453 orationis
672 2391 785 2450 fuit
831 2405 1078 2468 optare,
1126 2407 1189 2448 ut
1219 2409 1352 2448 suus
1381 2393 1571 2464 potius
1620 2389 1927 2469 felicitate,

95 2482 142 2546 ‚‘‚
164 2491 333 2546 quam
383 2472 540 2532 illius
596 2473 830 2530 miseria
889 2474 1270 2547 praestitisset
1304 2462 1489 2546 ‚Finis
1544 2483 1737 2529 autem
1795 2473 1928 2551 fuit,

90 2591 138 2627 2,
155 2570 219 2609 se
266 2559 300 2608 'a
350 2551 618 2626 Pompejo
646 2550 900 2610 desertos
919 2588 940 2625 ,
988 2552 1175 2609 victos
1203 2565 1237 2608 a
1268 2547 1493 2608 Caesare
1515 2591 1533 2621 ,
1579 2568 1679 2624 se,
1731 2566 1792 2610 et
1823 2573 1929 2629 op-

92 2631 356 2706 „pidum
411 2628 661 2705 dedere,
711 2647 883 2707 atque
936 2649 1142 2704 orare,
1190 2644 1255 2687 ut
1304 2631 1711 2704 clementiam,
1758 2651 1928 2707 quam

93 2750 139 2785 2,
161 2712 337 2767 victis
379 2711 642 2786 gentibus
694 2711 1018 2785 praebuisset
1040 2745 1062 2784 ,
1111 2711 1229 2767 suis
1258 2711 1481 2766 civibus
1524 2728 1637 2767 non
1670 2727 1926 2786 negaret.

90 2830 139 2864 2,
160 2790 350 2847 Multa
401 2802 604 2864 praeter
655 2790 773 2846 haec
821 2793 1040 2847 locutus
1089 2787 1218 2862 est,
1266 2802 1387 2866 quae
1438 2787 1783 2863 scriptorum
1833 2795 1927 2850 vi·

95 2887 140 2943 ,·‚
163 2871 250 2927 tio
299 2870 530 2928 confusa
563 2871 659 2924 vix'
711 2869 960 2944 intelligi
1012 2882 1263 2942 possunt.
1306 2868 1496 2924 Unum
1526 2869 1662 2924 illud
1697 2871 1927 2934 inteni—

93 2953 140 3022 ,',
160 2951 317 3024 gitur
337 2990 358 3023 ‚
388 2951 536 3024 quod
567 2949 760 3005 multis
793 2953 942 3006 ultro
966 2988 986 3020 ,
1017 2950 1278 3022 citroque
1307 2949 1482 3004 dictis
1512 2959 1651 3004 tunc
1706 2950 1939 3011 deditio*

89 3067 137 3102 ‚,
162 3047 274 3084 non
305 3030 601 3102 processit.
633 3027 946 3085 Cresceb'st
966 3067 989 3100 ,
1028 3043 1092 3084 ut
1143 3026 1210 3083 fit
1231 3067 1253 3100 ,
1283 3028 1344 3082 in
1374 3029 1499 3084 dies
1527 3026 1751 3088 obsidio
1772 3070 1793 3104 ,
1821 3035 1937 3090 nec'

93 3146 141 3180 ‚,
165 3105 463 3184 Pompeius
492 3121 883 3182 exspectatam
912 3124 1080 3183 opem
1109 3119 1209 3163 aut
1236 3107 1461 3164 ferebat
1481 3145 1502 3180 ,
1530 3123 1625 3163 sut
1659 3111 1935 3170 mittebat

95 3225 139 3260 „
159 3185 419 3243 obsessis.
469 3187 626 3264 Quin
669 3189 848 3245 etiam
899 3205 1006 3262 pro
1054 3184 1329 3252 concione
1371 3183 1585 3246 dixisse
1621 3187 1943 3267 ferebatur,'

95 3263 228 3340 „ut
255 3268 527 3340 quoniam
567 3270 659 3328 sis
697 3268 916 3328 auxilio
955 3267 1154 3327 adesse
1192 3285 1309 3326 non
1338 3285 1503 3343 posse
1522 3308 1545 3341 ,
1588 3269 1711 3344 ipse
1748 3287 1926 3330 noctu
