<?xml version="1.0" encoding="UTF-8"?>
<!DOCTYPE html PUBLIC "-//W3C//DTD XHTML 1.0 Transitional//EN"
    "http://www.w3.org/TR/xhtml1/DTD/xhtml1-transitional.dtd">
<html xmlns="http://www.w3.org/1999/xhtml" xml:lang="en" lang="en">
 <head>
  <title>
</title>
<meta http-equiv="Content-Type" content="text/html;charset=utf-8" />
  <meta name='ocr-system' content='tesseract 3.04.00' />
  <meta name='ocr-capabilities' content='ocr_page ocr_carea ocr_par ocr_line ocrx_word'/>
</head>
<body>
  <div class='ocr_page' id='page_1' title='image "./cjuliicsariscom00lagogoog/cjuliicsariscom00lagogoog_0350.png"; bbox 0 0 2459 3834; ppageno 0'>
   <div class='ocr_carea' id='block_1_1' title="bbox 428 88 1696 181">
    <p class='ocr_par' dir='ltr' id='par_1_1' title="bbox 428 88 1696 181">
     <span class='ocr_line' id='line_1_1' title="bbox 428 88 1696 181; baseline -0.002 -34"><span class='ocrx_word' id='word_1_1' title='bbox 428 99 585 181; x_wconf 83' lang='lat'>340</span> <span class='ocrx_word' id='word_1_2' title='bbox 988 94 1093 147; x_wconf 81' lang='lat' dir='ltr'>DE</span> <span class='ocrx_word' id='word_1_3' title='bbox 1144 88 1395 144; x_wconf 82' lang='lat' dir='ltr'>BELLO</span> <span class='ocrx_word' id='word_1_4' title='bbox 1450 88 1696 143; x_wconf 77' lang='lat' dir='ltr'>crvru</span> 
     </span>
    </p>
   </div>
   <div class='ocr_carea' id='block_1_2' title="bbox 228 168 2271 3126">
    <p class='ocr_par' dir='ltr' id='par_1_2' title="bbox 228 168 2271 3126">
     <span class='ocr_line' id='line_1_2' title="bbox 420 168 2271 251; baseline -0.002 -14"><span class='ocrx_word' id='word_1_5' title='bbox 420 187 511 239; x_wconf 85' lang='lat' dir='ltr'>ria</span> <span class='ocrx_word' id='word_1_6' title='bbox 548 189 814 239; x_wconf 76' lang='lat' dir='ltr'>tenerent</span> <span class='ocrx_word' id='word_1_7' title='bbox 838 175 1062 233; x_wconf 76' lang='lat' dir='ltr'>milites</span> <span class='ocrx_word' id='word_1_8' title='bbox 1079 190 1169 241; x_wconf 85' lang='lat' dir='ltr'>ea,</span> <span class='ocrx_word' id='word_1_9' title='bbox 1190 188 1310 245; x_wconf 81' lang='lat' dir='ltr'>quae</span> <span class='ocrx_word' id='word_1_10' title='bbox 1343 171 1528 241; x_wconf 82' lang='lat' dir='ltr'>pridie</span> <span class='ocrx_word' id='word_1_11' title='bbox 1551 172 1671 225; x_wconf 77' lang='lat' dir='ltr'>sibi</span> <span class='ocrx_word' id='word_1_12' title='bbox 1701 168 2271 251; x_wconf 43' lang='lat' dir='ltr'>confit-maxenna-</span> 
     </span>
     <span class='ocr_line' id='line_1_3' title="bbox 420 252 2270 337; baseline 0.001 -22"><span class='ocrx_word' id='word_1_13' title='bbox 420 266 517 337; x_wconf 86' lang='lat' dir='ltr'>qui</span> <span class='ocrx_word' id='word_1_14' title='bbox 562 280 682 318; x_wconf 76' lang='lat' dir='ltr'>sese</span> <span class='ocrx_word' id='word_1_15' title='bbox 708 260 864 337; x_wconf 82' lang='lat' dir='ltr'>jubet</span> <span class='ocrx_word' id='word_1_16' title='bbox 888 298 909 329; x_wconf 91' lang='lat'>,</span> <span class='ocrx_word' id='word_1_17' title='bbox 938 269 998 312; x_wconf 89' lang='lat' dir='ltr'>et</span> <span class='ocrx_word' id='word_1_18' title='bbox 1044 252 1343 327; x_wconf 69' lang='lat' dir='ltr'>praecurrit</span> <span class='ocrx_word' id='word_1_19' title='bbox 1385 265 1522 306; x_wconf 81' lang='lat' dir='ltr'>ante</span> <span class='ocrx_word' id='word_1_20' title='bbox 1561 268 1798 308; x_wconf 85' lang='lat' dir='ltr'>omnes:</span> <span class='ocrx_word' id='word_1_21' title='bbox 1839 266 2092 331; x_wconf 77' lang='lat' dir='ltr'>adeoque</span> <span class='ocrx_word' id='word_1_22' title='bbox 2133 275 2270 319; x_wconf 84' lang='lat' dir='ltr'>erat</span> 
     </span>
     <span class='ocr_line' id='line_1_4' title="bbox 414 330 2260 417; baseline -0.001 -20"><span class='ocrx_word' id='word_1_23' title='bbox 414 342 701 415; x_wconf 86' lang='lat' dir='ltr'>impedita</span> <span class='ocrx_word' id='word_1_24' title='bbox 732 340 899 395; x_wconf 82' lang='lat' dir='ltr'>vallis</span> <span class='ocrx_word' id='word_1_25' title='bbox 923 377 944 408; x_wconf 91' lang='lat'>,</span> <span class='ocrx_word' id='word_1_26' title='bbox 996 347 1058 390; x_wconf 84' lang='lat' dir='ltr'>ut</span> <span class='ocrx_word' id='word_1_27' title='bbox 1102 335 1164 389; x_wconf 91' lang='lat' dir='ltr'>in</span> <span class='ocrx_word' id='word_1_28' title='bbox 1206 330 1484 386; x_wconf 81' lang='lat' dir='ltr'>adscensu</span> <span class='ocrx_word' id='word_1_29' title='bbox 1504 372 1524 403; x_wconf 88' lang='lat'>,</span> <span class='ocrx_word' id='word_1_30' title='bbox 1555 332 1666 386; x_wconf 87' lang='lat' dir='ltr'>nisi</span> <span class='ocrx_word' id='word_1_31' title='bbox 1698 337 1982 390; x_wconf 71' lang='lat' dir='ltr'>sublevati</span> <span class='ocrx_word' id='word_1_32' title='bbox 2032 352 2071 393; x_wconf 80' lang='lat' dir='ltr'>a</span> <span class='ocrx_word' id='word_1_33' title='bbox 2118 343 2260 417; x_wconf 81' lang='lat' dir='ltr'>suis,</span> 
     </span>
     <span class='ocr_line' id='line_1_5' title="bbox 411 410 2258 493; baseline -0.003 -18"><span class='ocrx_word' id='word_1_34' title='bbox 411 426 588 493; x_wconf 81' lang='lat' dir='ltr'>primi</span> <span class='ocrx_word' id='word_1_35' title='bbox 634 438 743 477; x_wconf 86' lang='lat' dir='ltr'>non</span> <span class='ocrx_word' id='word_1_36' title='bbox 797 419 969 475; x_wconf 83' lang='lat' dir='ltr'>facile</span> <span class='ocrx_word' id='word_1_37' title='bbox 1028 415 1401 469; x_wconf 79' lang='lat' dir='ltr'>eniterentur.</span> <span class='ocrx_word' id='word_1_38' title='bbox 1472 410 1583 466; x_wconf 86' lang='lat' dir='ltr'>Sed</span> <span class='ocrx_word' id='word_1_39' title='bbox 1637 430 2060 488; x_wconf 76' lang='lat' dir='ltr'>praeoccupatus</span> <span class='ocrx_word' id='word_1_40' title='bbox 2111 423 2258 475; x_wconf 75' lang='lat' dir='ltr'>ani-</span> 
     </span>
     <span class='ocr_line' id='line_1_6' title="bbox 410 492 2252 567; baseline -0.004 -10"><span class='ocrx_word' id='word_1_41' title='bbox 410 514 535 557; x_wconf 83' lang='lat' dir='ltr'>mus</span> <span class='ocrx_word' id='word_1_42' title='bbox 568 501 942 556; x_wconf 71' lang='lat' dir='ltr'>Actianorum</span> <span class='ocrx_word' id='word_1_43' title='bbox 991 496 1243 549; x_wconf 70' lang='lat' dir='ltr'>militum</span> <span class='ocrx_word' id='word_1_44' title='bbox 1287 492 1538 562; x_wconf 88' lang='lat' dir='ltr'>timore,</span> <span class='ocrx_word' id='word_1_45' title='bbox 1595 506 1658 545; x_wconf 87' lang='lat' dir='ltr'>et</span> <span class='ocrx_word' id='word_1_46' title='bbox 1693 494 1824 567; x_wconf 80' lang='lat' dir='ltr'>fuga</span> <span class='ocrx_word' id='word_1_47' title='bbox 1861 534 1884 564; x_wconf 95' lang='lat'>,</span> <span class='ocrx_word' id='word_1_48' title='bbox 1928 501 2252 557; x_wconf 81' lang='lat' dir='ltr'>caede·suo-</span> 
     </span>
     <span class='ocr_line' id='line_1_7' title="bbox 406 574 2254 653; baseline -0.001 -19"><span class='ocrx_word' id='word_1_49' title='bbox 406 597 579 653; x_wconf 81' lang='lat' dir='ltr'>rum,</span> <span class='ocrx_word' id='word_1_50' title='bbox 610 582 755 635; x_wconf 85' lang='lat' dir='ltr'>nihil</span> <span class='ocrx_word' id='word_1_51' title='bbox 805 578 878 633; x_wconf 91' lang='lat' dir='ltr'>de</span> <span class='ocrx_word' id='word_1_52' title='bbox 934 575 1256 648; x_wconf 74' lang='lat' dir='ltr'>resistendo</span> <span class='ocrx_word' id='word_1_53' title='bbox 1303 574 1643 644; x_wconf 79' lang='lat' dir='ltr'>cogitabat,</span> <span class='ocrx_word' id='word_1_54' title='bbox 1687 590 1998 648; x_wconf 83' lang='lat' dir='ltr'>omnesque</span> <span class='ocrx_word' id='word_1_55' title='bbox 2024 578 2142 653; x_wconf 78' lang='lat' dir='ltr'>jam</span> <span class='ocrx_word' id='word_1_56' title='bbox 2187 598 2254 639; x_wconf 80' lang='lat' dir='ltr'>se</span> 
     </span>
     <span class='ocr_line' id='line_1_8' title="bbox 382 651 2258 736; baseline -0.003 -21"><span class='ocrx_word' id='word_1_57' title='bbox 382 662 479 725; x_wconf 72' lang='lat' dir='ltr'>‚ab</span> <span class='ocrx_word' id='word_1_58' title='bbox 526 662 789 733; x_wconf 82' lang='lat' dir='ltr'>equitatu</span> <span class='ocrx_word' id='word_1_59' title='bbox 829 653 1238 713; x_wconf 85' lang='lat' dir='ltr'>circumveniri</span> <span class='ocrx_word' id='word_1_60' title='bbox 1291 651 1737 707; x_wconf 75' lang='lat' dir='ltr'>arbitrabantur.</span> <span class='ocrx_word' id='word_1_61' title='bbox 1805 657 2004 728; x_wconf 84' lang='lat' dir='ltr'>ltaque</span> <span class='ocrx_word' id='word_1_62' title='bbox 2071 660 2258 736; x_wconf 71' lang='lat' dir='ltr'>prius,</span> 
     </span>
     <span class='ocr_line' id='line_1_9' title="bbox 400 732 2246 814; baseline 0 -19"><span class='ocrx_word' id='word_1_63' title='bbox 400 756 571 811; x_wconf 83' lang='lat' dir='ltr'>quam</span> <span class='ocrx_word' id='word_1_64' title='bbox 596 744 769 795; x_wconf 84' lang='lat' dir='ltr'>telum</span> <span class='ocrx_word' id='word_1_65' title='bbox 798 736 969 811; x_wconf 83' lang='lat' dir='ltr'>adjici</span> <span class='ocrx_word' id='word_1_66' title='bbox 997 744 1206 807; x_wconf 80' lang='lat' dir='ltr'>posset,</span> <span class='ocrx_word' id='word_1_67' title='bbox 1228 743 1330 787; x_wconf 83' lang='lat' dir='ltr'>aut</span> <span class='ocrx_word' id='word_1_68' title='bbox 1363 732 1544 787; x_wconf 84' lang='lat' dir='ltr'>nostri</span> <span class='ocrx_word' id='word_1_69' title='bbox 1576 734 1838 805; x_wconf 84' lang='lat' dir='ltr'>proprius</span> <span class='ocrx_word' id='word_1_70' title='bbox 1875 738 2246 814; x_wconf 81' lang='lat' dir='ltr'>accederent,</span> 
     </span>
     <span class='ocr_line' id='line_1_10' title="bbox 398 810 2246 891; baseline 0.002 -18"><span class='ocrx_word' id='word_1_71' title='bbox 398 821 587 875; x_wconf 85' lang='lat' dir='ltr'>omnis</span> <span class='ocrx_word' id='word_1_72' title='bbox 619 820 768 875; x_wconf 78' lang='lat' dir='ltr'>Vari</span> <span class='ocrx_word' id='word_1_73' title='bbox 820 818 972 871; x_wconf 85' lang='lat' dir='ltr'>acies</span> <span class='ocrx_word' id='word_1_74' title='bbox 1015 828 1175 888; x_wconf 81' lang='lat' dir='ltr'>terga</span> <span class='ocrx_word' id='word_1_75' title='bbox 1204 810 1388 867; x_wconf 81' lang='lat' dir='ltr'>vertit</span> <span class='ocrx_word' id='word_1_76' title='bbox 1410 851 1433 884; x_wconf 90' lang='lat'>‚</span> <span class='ocrx_word' id='word_1_77' title='bbox 1481 828 1649 885; x_wconf 87' lang='lat' dir='ltr'>seque</span> <span class='ocrx_word' id='word_1_78' title='bbox 1680 812 1744 866; x_wconf 90' lang='lat' dir='ltr'>in</span> <span class='ocrx_word' id='word_1_79' title='bbox 1774 826 1966 870; x_wconf 84' lang='lat' dir='ltr'>eastra</span> <span class='ocrx_word' id='word_1_80' title='bbox 1995 822 2246 891; x_wconf 85' lang='lat' dir='ltr'>recepit.</span> 
     </span>
     <span class='ocr_line' id='line_1_11' title="bbox 276 890 2243 991; baseline -0.004 -36"><span class='ocrx_word' id='word_1_81' title='bbox 276 930 315 991; x_wconf 77' lang='lat'>3</span> <span class='ocrx_word' id='word_1_82' title='bbox 399 896 529 971; x_wconf 87' lang='lat' dir='ltr'>Qua</span> <span class='ocrx_word' id='word_1_83' title='bbox 563 900 621 954; x_wconf 84' lang='lat' dir='ltr'>in</span> <span class='ocrx_word' id='word_1_84' title='bbox 653 898 785 972; x_wconf 61' lang='lat' dir='ltr'>fuga</span> <span class='ocrx_word' id='word_1_85' title='bbox 816 894 1026 969; x_wconf 75' lang='lat' dir='ltr'>Fabius</span> <span class='ocrx_word' id='word_1_86' title='bbox 1068 892 1334 966; x_wconf 81' lang='lat' dir='ltr'>Pelignus</span> <span class='ocrx_word' id='word_1_87' title='bbox 1381 890 1656 965; x_wconf 89' lang='lat' dir='ltr'>quidam,</span> <span class='ocrx_word' id='word_1_88' title='bbox 1685 910 1757 947; x_wconf 80' lang='lat' dir='ltr'>ex</span> <span class='ocrx_word' id='word_1_89' title='bbox 1798 892 2014 950; x_wconf 81' lang='lat' dir='ltr'>infimis</span> <span class='ocrx_word' id='word_1_90' title='bbox 2062 900 2243 955; x_wconf 75' lang='lat' dir='ltr'>ordi-</span> 
     </span>
     <span class='ocr_line' id='line_1_12' title="bbox 322 940 2240 1051; baseline 0.003 -19"><span class='ocrx_word' id='word_1_91' title='bbox 322 940 353 999; x_wconf 66' lang='grc' dir='ltr'>ς</span> <span class='ocrx_word' id='word_1_92' title='bbox 391 978 558 1035; x_wconf 85' lang='lat' dir='ltr'>nibus</span> <span class='ocrx_word' id='word_1_93' title='bbox 578 1020 597 1050; x_wconf 89' lang='lat'>,</span> <span class='ocrx_word' id='word_1_94' title='bbox 626 980 701 1035; x_wconf 89' lang='lat' dir='ltr'>de</span> <span class='ocrx_word' id='word_1_95' title='bbox 730 977 985 1033; x_wconf 81' lang='lat' dir='ltr'>exercitu</span> <span class='ocrx_word' id='word_1_96' title='bbox 1026 970 1298 1029; x_wconf 83' lang='lat' dir='ltr'>Curionis</span> <span class='ocrx_word' id='word_1_97' title='bbox 1319 1009 1340 1040; x_wconf 90' lang='lat'>,</span> <span class='ocrx_word' id='word_1_98' title='bbox 1373 973 1620 1042; x_wconf 84' lang='lat' dir='ltr'>primum</span> <span class='ocrx_word' id='word_1_99' title='bbox 1651 988 1857 1045; x_wconf 83' lang='lat' dir='ltr'>agmen</span> <span class='ocrx_word' id='word_1_100' title='bbox 1887 972 2240 1051; x_wconf 77' lang='lat' dir='ltr'>fugientium</span> 
     </span>
     <span class='ocr_line' id='line_1_13' title="bbox 385 1052 2234 1129; baseline -0.003 -16"><span class='ocrx_word' id='word_1_101' title='bbox 385 1072 767 1129; x_wconf 81' lang='lat' dir='ltr'>consecutus,</span> <span class='ocrx_word' id='word_1_102' title='bbox 816 1071 1021 1129; x_wconf 85' lang='lat' dir='ltr'>magna</span> <span class='ocrx_word' id='word_1_103' title='bbox 1053 1068 1193 1109; x_wconf 79' lang='lat' dir='ltr'>voce</span> <span class='ocrx_word' id='word_1_104' title='bbox 1226 1052 1444 1106; x_wconf 86' lang='lat' dir='ltr'>Varum</span> <span class='ocrx_word' id='word_1_105' title='bbox 1501 1054 1731 1107; x_wconf 88' lang='lat' dir='ltr'>nomine</span> <span class='ocrx_word' id='word_1_106' title='bbox 1781 1059 2077 1127; x_wconf 82' lang='lat' dir='ltr'>appellans</span> <span class='ocrx_word' id='word_1_107' title='bbox 2124 1076 2234 1115; x_wconf 86' lang='lat' dir='ltr'>re..</span> 
     </span>
     <span class='ocr_line' id='line_1_14' title="bbox 386 1129 2230 1211; baseline 0.002 -18"><span class='ocrx_word' id='word_1_108' title='bbox 386 1140 695 1211; x_wconf 79' lang='lat' dir='ltr'>quirebat‚</span> <span class='ocrx_word' id='word_1_109' title='bbox 747 1138 829 1193; x_wconf 85' lang='lat' dir='ltr'>uti</span> <span class='ocrx_word' id='word_1_110' title='bbox 875 1151 1015 1191; x_wconf 84' lang='lat' dir='ltr'>unus</span> <span class='ocrx_word' id='word_1_111' title='bbox 1066 1148 1193 1188; x_wconf 83' lang='lat' dir='ltr'>esse</span> <span class='ocrx_word' id='word_1_112' title='bbox 1237 1148 1308 1186; x_wconf 81' lang='lat' dir='ltr'>ex</span> <span class='ocrx_word' id='word_1_113' title='bbox 1336 1129 1466 1203; x_wconf 34' lang='lat' dir='ltr'>‘ejus</span> <span class='ocrx_word' id='word_1_114' title='bbox 1505 1132 1830 1205; x_wconf 78' lang='lat' dir='ltr'>militibus,</span> <span class='ocrx_word' id='word_1_115' title='bbox 1879 1148 1944 1190; x_wconf 88' lang='lat' dir='ltr'>et</span> <span class='ocrx_word' id='word_1_116' title='bbox 1993 1152 2230 1197; x_wconf 81' lang='lat' dir='ltr'>monere</span> 
     </span>
     <span class='ocr_line' id='line_1_15' title="bbox 382 1210 2226 1293; baseline -0.002 -21"><span class='ocrx_word' id='word_1_117' title='bbox 382 1218 601 1291; x_wconf 84' lang='lat' dir='ltr'>aliquid</span> <span class='ocrx_word' id='word_1_118' title='bbox 656 1220 844 1288; x_wconf 82' lang='lat' dir='ltr'>velle,</span> <span class='ocrx_word' id='word_1_119' title='bbox 876 1232 944 1270; x_wconf 89' lang='lat' dir='ltr'>ac</span> <span class='ocrx_word' id='word_1_120' title='bbox 983 1213 1179 1268; x_wconf 83' lang='lat' dir='ltr'>dicere</span> <span class='ocrx_word' id='word_1_121' title='bbox 1206 1212 1522 1265; x_wconf 85' lang='lat' dir='ltr'>videretur.</span> <span class='ocrx_word' id='word_1_122' title='bbox 1575 1210 1692 1266; x_wconf 87' lang='lat' dir='ltr'>Ubi</span> <span class='ocrx_word' id='word_1_123' title='bbox 1733 1213 1836 1267; x_wconf 88' lang='lat' dir='ltr'>ille</span> <span class='ocrx_word' id='word_1_124' title='bbox 1861 1214 2066 1287; x_wconf 78' lang='lat' dir='ltr'>saepius</span> <span class='ocrx_word' id='word_1_125' title='bbox 2104 1234 2226 1293; x_wconf 84' lang='lat' dir='ltr'>ap..</span> 
     </span>
     <span class='ocr_line' id='line_1_16' title="bbox 380 1292 2220 1371; baseline 0.001 -21"><span class='ocrx_word' id='word_1_126' title='bbox 380 1302 628 1370; x_wconf 82' lang='lat' dir='ltr'>pellatus</span> <span class='ocrx_word' id='word_1_127' title='bbox 658 1296 963 1369; x_wconf 80' lang='lat' dir='ltr'>adspexit,</span> <span class='ocrx_word' id='word_1_128' title='bbox 1002 1308 1072 1348; x_wconf 85' lang='lat' dir='ltr'>ac</span> <span class='ocrx_word' id='word_1_129' title='bbox 1119 1292 1382 1360; x_wconf 80' lang='lat' dir='ltr'>restitit,</span> <span class='ocrx_word' id='word_1_130' title='bbox 1419 1302 1482 1345; x_wconf 89' lang='lat' dir='ltr'>et</span> <span class='ocrx_word' id='word_1_131' title='bbox 1521 1292 1650 1363; x_wconf 88' lang='lat' dir='ltr'>quis</span> <span class='ocrx_word' id='word_1_132' title='bbox 1689 1305 1885 1364; x_wconf 73' lang='lat' dir='ltr'>esset,</span> <span class='ocrx_word' id='word_1_133' title='bbox 1931 1308 2036 1351; x_wconf 87' lang='lat' dir='ltr'>aut</span> <span class='ocrx_word' id='word_1_134' title='bbox 2079 1300 2220 1371; x_wconf 82' lang='lat' dir='ltr'>quid</span> 
     </span>
     <span class='ocr_line' id='line_1_17' title="bbox 378 1372 2220 1453; baseline 0.002 -22"><span class='ocrx_word' id='word_1_135' title='bbox 378 1379 600 1450; x_wconf 80' lang='lat' dir='ltr'>vellet,</span> <span class='ocrx_word' id='word_1_136' title='bbox 660 1378 922 1453; x_wconf 81' lang='lat' dir='ltr'>quaesivit</span> <span class='ocrx_word' id='word_1_137' title='bbox 958 1414 978 1445; x_wconf 90' lang='lat'>,</span> <span class='ocrx_word' id='word_1_138' title='bbox 1020 1374 1326 1427; x_wconf 79' lang='lat' dir='ltr'>humerum</span> <span class='ocrx_word' id='word_1_139' title='bbox 1373 1382 1638 1443; x_wconf 84' lang='lat' dir='ltr'>apertum</span> <span class='ocrx_word' id='word_1_140' title='bbox 1709 1372 1906 1446; x_wconf 86' lang='lat' dir='ltr'>gladio</span> <span class='ocrx_word' id='word_1_141' title='bbox 1966 1380 2220 1452; x_wconf 81' lang='lat' dir='ltr'>appetit,</span> 
     </span>
     <span class='ocr_line' id='line_1_18' title="bbox 375 1449 2220 1531; baseline -0.001 -20"><span class='ocrx_word' id='word_1_142' title='bbox 375 1460 715 1531; x_wconf 78' lang='lat' dir='ltr'>paulumque</span> <span class='ocrx_word' id='word_1_143' title='bbox 754 1456 939 1519; x_wconf 74' lang='lat' dir='ltr'>abfuit</span> <span class='ocrx_word' id='word_1_144' title='bbox 962 1494 980 1526; x_wconf 88' lang='lat'>,</span> <span class='ocrx_word' id='word_1_145' title='bbox 1018 1453 1157 1527; x_wconf 88' lang='lat' dir='ltr'>quin</span> <span class='ocrx_word' id='word_1_146' title='bbox 1204 1453 1423 1507; x_wconf 85' lang='lat' dir='ltr'>Varum</span> <span class='ocrx_word' id='word_1_147' title='bbox 1473 1449 1852 1508; x_wconf 83' lang='lat' dir='ltr'>interficeret.</span> <span class='ocrx_word' id='word_1_148' title='bbox 1907 1450 2076 1525; x_wconf 83' lang='lat' dir='ltr'>Quod</span> <span class='ocrx_word' id='word_1_149' title='bbox 2115 1458 2220 1516; x_wconf 76' lang='lat' dir='ltr'>ille</span> 
     </span>
     <span class='ocr_line' id='line_1_19' title="bbox 372 1526 2260 1607; baseline 0.004 -18"><span class='ocrx_word' id='word_1_150' title='bbox 372 1539 691 1607; x_wconf 82' lang='lat' dir='ltr'>periculum</span> <span class='ocrx_word' id='word_1_151' title='bbox 719 1576 739 1607; x_wconf 90' lang='lat'>,</span> <span class='ocrx_word' id='word_1_152' title='bbox 796 1537 1021 1591; x_wconf 86' lang='lat' dir='ltr'>sublato</span> <span class='ocrx_word' id='word_1_153' title='bbox 1078 1531 1151 1587; x_wconf 86' lang='lat' dir='ltr'>ad</span> <span class='ocrx_word' id='word_1_154' title='bbox 1204 1530 1325 1605; x_wconf 86' lang='lat' dir='ltr'>ejus</span> <span class='ocrx_word' id='word_1_155' title='bbox 1387 1539 1660 1586; x_wconf 81' lang='lat' dir='ltr'>conatum</span> <span class='ocrx_word' id='word_1_156' title='bbox 1713 1542 1918 1604; x_wconf 82' lang='lat' dir='ltr'>scuto,</span> <span class='ocrx_word' id='word_1_157' title='bbox 1971 1526 2260 1596; x_wconf 73' lang='lat' dir='ltr'>vitavit.⁴</span> 
     </span>
     <span class='ocr_line' id='line_1_20' title="bbox 369 1608 2234 1687; baseline -0.001 -19"><span class='ocrx_word' id='word_1_158' title='bbox 369 1608 584 1672; x_wconf 80' lang='lat' dir='ltr'>Fabius</span> <span class='ocrx_word' id='word_1_159' title='bbox 627 1634 661 1671; x_wconf 90' lang='lat' dir='ltr'>a</span> <span class='ocrx_word' id='word_1_160' title='bbox 716 1616 991 1687; x_wconf 72' lang='lat' dir='ltr'>proximis</span> <span class='ocrx_word' id='word_1_161' title='bbox 1038 1611 1322 1667; x_wconf 82' lang='lat' dir='ltr'>militibus</span> <span class='ocrx_word' id='word_1_162' title='bbox 1369 1608 1796 1667; x_wconf 82' lang='lat' dir='ltr'>circumventus</span> <span class='ocrx_word' id='word_1_163' title='bbox 1835 1611 2234 1674; x_wconf 74' lang='lat' dir='ltr'>interficitur..</span> 
     </span>
     <span class='ocr_line' id='line_1_21' title="bbox 362 1690 2204 1770; baseline -0.002 -21"><span class='ocrx_word' id='word_1_164' title='bbox 362 1690 495 1752; x_wconf 85' lang='lat' dir='ltr'>Hac</span> <span class='ocrx_word' id='word_1_165' title='bbox 536 1696 879 1770; x_wconf 88' lang='lat' dir='ltr'>fugientium</span> <span class='ocrx_word' id='word_1_166' title='bbox 924 1691 1293 1748; x_wconf 85' lang='lat' dir='ltr'>multitudine</span> <span class='ocrx_word' id='word_1_167' title='bbox 1322 1730 1342 1762; x_wconf 92' lang='lat'>,</span> <span class='ocrx_word' id='word_1_168' title='bbox 1391 1704 1462 1743; x_wconf 82' lang='lat' dir='ltr'>ac</span> <span class='ocrx_word' id='word_1_169' title='bbox 1525 1690 1688 1746; x_wconf 82' lang='lat' dir='ltr'>turba</span> <span class='ocrx_word' id='word_1_170' title='bbox 1753 1701 1928 1764; x_wconf 84' lang='lat' dir='ltr'>portae</span> <span class='ocrx_word' id='word_1_171' title='bbox 1967 1704 2204 1752; x_wconf 74' lang='lat' dir='ltr'>castro-</span> 
     </span>
     <span class='ocr_line' id='line_1_22' title="bbox 361 1768 2196 1848; baseline 0 -22"><span class='ocrx_word' id='word_1_172' title='bbox 361 1788 491 1829; x_wconf 82' lang='lat' dir='ltr'>rum</span> <span class='ocrx_word' id='word_1_173' title='bbox 544 1788 895 1848; x_wconf 82' lang='lat' dir='ltr'>occupantur</span> <span class='ocrx_word' id='word_1_174' title='bbox 916 1814 936 1846; x_wconf 92' lang='lat'>,</span> <span class='ocrx_word' id='word_1_175' title='bbox 974 1785 1146 1845; x_wconf 87' lang='lat' dir='ltr'>atque</span> <span class='ocrx_word' id='word_1_176' title='bbox 1178 1772 1294 1827; x_wconf 88' lang='lat' dir='ltr'>iter</span> <span class='ocrx_word' id='word_1_177' title='bbox 1327 1768 1678 1841; x_wconf 82' lang='lat' dir='ltr'>impeditur:</span> <span class='ocrx_word' id='word_1_178' title='bbox 1711 1773 2000 1845; x_wconf 72' lang='lat' dir='ltr'>pluresque</span> <span class='ocrx_word' id='word_1_179' title='bbox 2026 1772 2088 1826; x_wconf 91' lang='lat' dir='ltr'>in</span> <span class='ocrx_word' id='word_1_180' title='bbox 2119 1792 2196 1833; x_wconf 81' lang='lat' dir='ltr'>eo</span> 
     </span>
     <span class='ocr_line' id='line_1_23' title="bbox 358 1848 2200 1925; baseline 0.003 -21"><span class='ocrx_word' id='word_1_181' title='bbox 358 1852 491 1909; x_wconf 89' lang='lat' dir='ltr'>loco</span> <span class='ocrx_word' id='word_1_182' title='bbox 531 1854 655 1908; x_wconf 81' lang='lat' dir='ltr'>sine</span> <span class='ocrx_word' id='word_1_183' title='bbox 706 1857 979 1923; x_wconf 87' lang='lat' dir='ltr'>vulnere,</span> <span class='ocrx_word' id='word_1_184' title='bbox 1021 1867 1197 1925; x_wconf 56' lang='lat' dir='ltr'>quam*</span> <span class='ocrx_word' id='word_1_185' title='bbox 1239 1851 1299 1905; x_wconf 89' lang='lat' dir='ltr'>in</span> <span class='ocrx_word' id='word_1_186' title='bbox 1363 1848 1558 1921; x_wconf 76' lang='lat' dir='ltr'>praelio</span> <span class='ocrx_word' id='word_1_187' title='bbox 1587 1889 1608 1920; x_wconf 92' lang='lat'>,</span> <span class='ocrx_word' id='word_1_188' title='bbox 1649 1862 1749 1905; x_wconf 89' lang='lat' dir='ltr'>aut</span> <span class='ocrx_word' id='word_1_189' title='bbox 1808 1850 1980 1925; x_wconf 82' lang='lat' dir='ltr'>fuga,</span> <span class='ocrx_word' id='word_1_190' title='bbox 2027 1851 2200 1911; x_wconf 85' lang='lat' dir='ltr'>inte-</span> 
     </span>
     <span class='ocr_line' id='line_1_24' title="bbox 228 1928 2200 2021; baseline 0.004 -37"><span class='ocrx_word' id='word_1_191' title='bbox 228 1928 328 2021; x_wconf 60' lang='lat'>2]</span> <span class='ocrx_word' id='word_1_192' title='bbox 355 1928 784 2010; x_wconf 55' lang='lat' dir='ltr'>reuntheque</span> <span class='ocrx_word' id='word_1_193' title='bbox 825 1936 1060 1987; x_wconf 88' lang='lat' dir='ltr'>multum</span> <span class='ocrx_word' id='word_1_194' title='bbox 1094 1930 1282 1987; x_wconf 90' lang='lat' dir='ltr'>abfuit</span> <span class='ocrx_word' id='word_1_195' title='bbox 1311 1968 1332 2000; x_wconf 88' lang='lat'>‚</span> <span class='ocrx_word' id='word_1_196' title='bbox 1396 1930 1534 2002; x_wconf 89' lang='lat' dir='ltr'>quin</span> <span class='ocrx_word' id='word_1_197' title='bbox 1596 1930 1774 1985; x_wconf 83' lang='lat' dir='ltr'>etiam</span> <span class='ocrx_word' id='word_1_198' title='bbox 1837 1932 2043 1989; x_wconf 82' lang='lat' dir='ltr'>castris</span> <span class='ocrx_word' id='word_1_199' title='bbox 2083 1950 2200 1992; x_wconf 81' lang='lat' dir='ltr'>ex-</span> 
     </span>
     <span class='ocr_line' id='line_1_25' title="bbox 354 2009 2197 2087; baseline 0.003 -23"><span class='ocrx_word' id='word_1_200' title='bbox 354 2012 705 2082; x_wconf 80' lang='lat' dir='ltr'>pellerentur</span> <span class='ocrx_word' id='word_1_201' title='bbox 740 2030 754 2067; x_wconf 91' lang='lat'><strong>:</strong></span> <span class='ocrx_word' id='word_1_202' title='bbox 796 2029 867 2066; x_wconf 89' lang='lat' dir='ltr'>ac</span> <span class='ocrx_word' id='word_1_203' title='bbox 918 2010 1171 2067; x_wconf 82' lang='lat' dir='ltr'>nonnulli</span> <span class='ocrx_word' id='word_1_204' title='bbox 1207 2009 1468 2083; x_wconf 83' lang='lat' dir='ltr'>protinus</span> <span class='ocrx_word' id='word_1_205' title='bbox 1505 2010 1706 2065; x_wconf 87' lang='lat' dir='ltr'>eodem</span> <span class='ocrx_word' id='word_1_206' title='bbox 1757 2026 1920 2068; x_wconf 84' lang='lat' dir='ltr'>cursu</span> <span class='ocrx_word' id='word_1_207' title='bbox 1961 2013 2026 2067; x_wconf 87' lang='lat' dir='ltr'>in</span> <span class='ocrx_word' id='word_1_208' title='bbox 2073 2029 2197 2087; x_wconf 84' lang='lat' dir='ltr'>op-</span> 
     </span>
     <span class='ocr_line' id='line_1_26' title="bbox 350 2088 2192 2163; baseline 0.002 -20"><span class='ocrx_word' id='word_1_209' title='bbox 350 2090 554 2161; x_wconf 84' lang='lat' dir='ltr'>pidum</span> <span class='ocrx_word' id='word_1_210' title='bbox 594 2092 1031 2147; x_wconf 58' lang='lat' dir='ltr'>contenderuntss</span> <span class='ocrx_word' id='word_1_211' title='bbox 1070 2088 1182 2145; x_wconf 88' lang='lat' dir='ltr'>Sed</span> <span class='ocrx_word' id='word_1_212' title='bbox 1230 2106 1362 2145; x_wconf 87' lang='lat' dir='ltr'>cum</span> <span class='ocrx_word' id='word_1_213' title='bbox 1404 2088 1518 2143; x_wconf 79' lang='lat' dir='ltr'>loci</span> <span class='ocrx_word' id='word_1_214' title='bbox 1549 2100 1753 2145; x_wconf 76' lang='lat' dir='ltr'>natura</span> <span class='ocrx_word' id='word_1_215' title='bbox 1782 2130 1804 2162; x_wconf 92' lang='lat'>‚</span> <span class='ocrx_word' id='word_1_216' title='bbox 1837 2102 1957 2150; x_wconf 78' lang='lat' dir='ltr'>tum</span> <span class='ocrx_word' id='word_1_217' title='bbox 1989 2096 2192 2163; x_wconf 72' lang='lat' dir='ltr'>muni..</span> 
     </span>
     <span class='ocr_line' id='line_1_27' title="bbox 348 2168 2190 2245; baseline 0.006 -24"><span class='ocrx_word' id='word_1_218' title='bbox 348 2170 439 2225; x_wconf 84' lang='lat' dir='ltr'>tio</span> <span class='ocrx_word' id='word_1_219' title='bbox 493 2184 811 2231; x_wconf 82' lang='lat' dir='ltr'>castrorum</span> <span class='ocrx_word' id='word_1_220' title='bbox 862 2172 1114 2227; x_wconf 76' lang='lat' dir='ltr'>aditum‘</span> <span class='ocrx_word' id='word_1_221' title='bbox 1144 2168 1488 2243; x_wconf 81' lang='lat' dir='ltr'>prohibebat</span> <span class='ocrx_word' id='word_1_222' title='bbox 1528 2184 1545 2224; x_wconf 74' lang='grc' dir='ltr'><strong><em>ε</em></strong></span> <span class='ocrx_word' id='word_1_223' title='bbox 1606 2170 1754 2243; x_wconf 84' lang='lat' dir='ltr'>quod</span> <span class='ocrx_word' id='word_1_224' title='bbox 1805 2172 1876 2225; x_wconf 90' lang='lat' dir='ltr'>ad</span> <span class='ocrx_word' id='word_1_225' title='bbox 1930 2174 2190 2245; x_wconf 73' lang='lat' dir='ltr'>praelium</span> 
     </span>
     <span class='ocr_line' id='line_1_28' title="bbox 346 2246 2186 2327; baseline 0.004 -25"><span class='ocrx_word' id='word_1_226' title='bbox 346 2252 563 2322; x_wconf 82' lang='lat' dir='ltr'>egressi</span> <span class='ocrx_word' id='word_1_227' title='bbox 598 2249 873 2307; x_wconf 84' lang='lat' dir='ltr'>Curionis</span> <span class='ocrx_word' id='word_1_228' title='bbox 912 2246 1256 2305; x_wconf 74' lang='lat' dir='ltr'>milites&#39;iis</span> <span class='ocrx_word' id='word_1_229' title='bbox 1304 2246 1470 2319; x_wconf 80' lang='lat' dir='ltr'>rebus</span> <span class='ocrx_word' id='word_1_230' title='bbox 1511 2247 1892 2323; x_wconf 80' lang='lat' dir='ltr'>indigebant,</span> <span class='ocrx_word' id='word_1_231' title='bbox 1941 2268 2064 2327; x_wconf 63' lang='lat' dir='ltr'>que</span> <span class='ocrx_word' id='word_1_232' title='bbox 2105 2256 2186 2311; x_wconf 80' lang='lat' dir='ltr'>ad</span> 
     </span>
     <span class='ocr_line' id='line_1_29' title="bbox 342 2326 2182 2404; baseline 0.001 -21"><span class='ocrx_word' id='word_1_233' title='bbox 342 2332 833 2404; x_wconf 83' lang='lat' dir='ltr'>oppugnationem</span> <span class='ocrx_word' id='word_1_234' title='bbox 861 2344 1182 2386; x_wconf 83' lang='lat' dir='ltr'>castrorum</span> <span class='ocrx_word' id='word_1_235' title='bbox 1212 2342 1380 2383; x_wconf 88' lang='lat' dir='ltr'>erant</span> <span class='ocrx_word' id='word_1_236' title='bbox 1406 2327 1543 2383; x_wconf 87' lang='lat' dir='ltr'>usui.</span> <span class='ocrx_word' id='word_1_237' title='bbox 1589 2326 1790 2403; x_wconf 80' lang='lat' dir='ltr'>Itaque</span> <span class='ocrx_word' id='word_1_238' title='bbox 1809 2328 1992 2389; x_wconf 85' lang='lat' dir='ltr'>Curio</span> <span class='ocrx_word' id='word_1_239' title='bbox 2011 2338 2182 2388; x_wconf 77' lang='lat' dir='ltr'>e‘xer.</span> 
     </span>
     <span class='ocr_line' id='line_1_30' title="bbox 336 2404 2180 2481; baseline 0.007 -22"><span class='ocrx_word' id='word_1_240' title='bbox 336 2407 525 2463; x_wconf 87' lang='lat' dir='ltr'>citum</span> <span class='ocrx_word' id='word_1_241' title='bbox 557 2410 615 2462; x_wconf 90' lang='lat' dir='ltr'>in</span> <span class='ocrx_word' id='word_1_242' title='bbox 658 2423 851 2465; x_wconf 87' lang='lat' dir='ltr'>castra</span> <span class='ocrx_word' id='word_1_243' title='bbox 905 2410 1172 2480; x_wconf 84' lang='lat' dir='ltr'>reducit,</span> <span class='ocrx_word' id='word_1_244' title='bbox 1220 2410 1338 2463; x_wconf 87' lang='lat' dir='ltr'>suis</span> <span class='ocrx_word' id='word_1_245' title='bbox 1393 2404 1654 2463; x_wconf 86' lang='lat' dir='ltr'>omnibus</span> <span class='ocrx_word' id='word_1_246' title='bbox 1699 2422 1906 2481; x_wconf 76' lang='lat' dir='ltr'>praeter</span> <span class='ocrx_word' id='word_1_247' title='bbox 1923 2408 2180 2471; x_wconf 80' lang='lat' dir='ltr'>Fabium</span> 
     </span>
     <span class='ocr_line' id='line_1_31' title="bbox 333 2484 2180 2560; baseline 0.004 -19"><span class='ocrx_word' id='word_1_248' title='bbox 333 2484 758 2560; x_wconf 74' lang='lat' dir='ltr'>incolumibus,</span> <span class='ocrx_word' id='word_1_249' title='bbox 808 2506 879 2545; x_wconf 80' lang='lat' dir='ltr'>ex</span> <span class='ocrx_word' id='word_1_250' title='bbox 910 2504 1143 2545; x_wconf 86' lang='lat' dir='ltr'>numero</span> <span class='ocrx_word' id='word_1_251' title='bbox 1176 2486 1634 2544; x_wconf 86' lang='lat' dir='ltr'>adversariorum</span> <span class='ocrx_word' id='word_1_252' title='bbox 1665 2490 1903 2545; x_wconf 87' lang='lat' dir='ltr'>circiter</span> <span class='ocrx_word' id='word_1_253' title='bbox 1945 2506 2036 2548; x_wconf 77' lang='lat' dir='ltr'>nc.</span> <span class='ocrx_word' id='word_1_254' title='bbox 2068 2493 2180 2549; x_wconf 84' lang='lat' dir='ltr'>in·-</span> 
     </span>
     <span class='ocr_line' id='line_1_32' title="bbox 333 2565 2173 2641; baseline 0.002 -20"><span class='ocrx_word' id='word_1_255' title='bbox 333 2566 639 2637; x_wconf 84' lang='lat' dir='ltr'>terfectis,</span> <span class='ocrx_word' id='word_1_256' title='bbox 684 2584 752 2622; x_wconf 88' lang='lat' dir='ltr'>ac</span> <span class='ocrx_word' id='word_1_257' title='bbox 795 2590 851 2621; x_wconf 82' lang='lat'>00</span> <span class='ocrx_word' id='word_1_258' title='bbox 902 2565 1264 2623; x_wconf 59' lang='lat' dir='ltr'>vulneratis}</span> <span class='ocrx_word' id='word_1_259' title='bbox 1324 2568 1420 2641; x_wconf 87' lang='lat' dir='ltr'>qui</span> <span class='ocrx_word' id='word_1_260' title='bbox 1486 2581 1682 2626; x_wconf 82' lang='lat' dir='ltr'>omnes</span> <span class='ocrx_word' id='word_1_261' title='bbox 1738 2569 1988 2627; x_wconf 73' lang='lat' dir='ltr'>discessu</span> <span class='ocrx_word' id='word_1_262' title='bbox 2037 2571 2173 2629; x_wconf 85' lang='lat' dir='ltr'>Cu..</span> 
     </span>
     <span class='ocr_line' id='line_1_33' title="bbox 330 2646 2172 2720; baseline 0.005 -21"><span class='ocrx_word' id='word_1_263' title='bbox 330 2646 517 2702; x_wconf 80' lang='lat' dir='ltr'>rionis</span> <span class='ocrx_word' id='word_1_264' title='bbox 546 2685 565 2717; x_wconf 89' lang='lat'>‚</span> <span class='ocrx_word' id='word_1_265' title='bbox 615 2646 894 2720; x_wconf 86' lang='lat' dir='ltr'>multique</span> <span class='ocrx_word' id='word_1_266' title='bbox 956 2660 1227 2720; x_wconf 81' lang='lat' dir='ltr'>praeterea</span> <span class='ocrx_word' id='word_1_267' title='bbox 1263 2685 1284 2718; x_wconf 92' lang='lat'>,</span> <span class='ocrx_word' id='word_1_268' title='bbox 1337 2654 1436 2720; x_wconf 79' lang='lat' dir='ltr'>per</span> <span class='ocrx_word' id='word_1_269' title='bbox 1484 2646 1906 2706; x_wconf 82' lang='lat' dir='ltr'>simulationem</span> <span class='ocrx_word' id='word_1_270' title='bbox 1957 2654 2172 2709; x_wconf 76' lang='lat' dir='ltr'>vulne·-</span> 
     </span>
     <span class='ocr_line' id='line_1_34' title="bbox 326 2725 2174 2799; baseline 0.004 -20"><span class='ocrx_word' id='word_1_271' title='bbox 326 2740 455 2779; x_wconf 83' lang='lat' dir='ltr'>rum</span> <span class='ocrx_word' id='word_1_272' title='bbox 479 2765 499 2797; x_wconf 94' lang='lat'>,</span> <span class='ocrx_word' id='word_1_273' title='bbox 550 2744 619 2781; x_wconf 88' lang='lat' dir='ltr'>ex</span> <span class='ocrx_word' id='word_1_274' title='bbox 648 2727 855 2781; x_wconf 85' lang='lat' dir='ltr'>castris</span> <span class='ocrx_word' id='word_1_275' title='bbox 887 2727 947 2781; x_wconf 87' lang='lat' dir='ltr'>in</span> <span class='ocrx_word' id='word_1_276' title='bbox 992 2725 1267 2799; x_wconf 85' lang='lat' dir='ltr'>oppidum</span> <span class='ocrx_word' id='word_1_277' title='bbox 1315 2734 1548 2799; x_wconf 84' lang='lat' dir='ltr'>propter</span> <span class='ocrx_word' id='word_1_278' title='bbox 1589 2727 1854 2784; x_wconf 83' lang='lat' dir='ltr'>timorem</span> <span class='ocrx_word' id='word_1_279' title='bbox 1897 2746 2020 2787; x_wconf 80' lang='lat' dir='ltr'>sese</span> <span class='ocrx_word' id='word_1_280' title='bbox 2061 2749 2174 2787; x_wconf 79' lang='lat' dir='ltr'>re·-</span> 
     </span>
     <span class='ocr_line' id='line_1_35' title="bbox 324 2802 2168 2879; baseline 0.002 -22"><span class='ocrx_word' id='word_1_281' title='bbox 324 2804 570 2877; x_wconf 86' lang='lat' dir='ltr'>eipiunt.</span> <span class='ocrx_word' id='word_1_282' title='bbox 614 2802 743 2879; x_wconf 84' lang='lat' dir='ltr'>Qua</span> <span class='ocrx_word' id='word_1_283' title='bbox 796 2823 858 2861; x_wconf 86' lang='lat' dir='ltr'>re</span> <span class='ocrx_word' id='word_1_284' title='bbox 889 2807 1292 2861; x_wconf 61' lang='lat' dir='ltr'>animadvern</span> <span class='ocrx_word' id='word_1_285' title='bbox 1313 2845 1332 2877; x_wconf 90' lang='lat'>‚</span> <span class='ocrx_word' id='word_1_286' title='bbox 1371 2805 1599 2876; x_wconf 83' lang='lat' dir='ltr'>Varus,</span> <span class='ocrx_word' id='word_1_287' title='bbox 1627 2819 1686 2862; x_wconf 88' lang='lat' dir='ltr'>et</span> <span class='ocrx_word' id='word_1_288' title='bbox 1737 2820 1967 2865; x_wconf 81' lang='lat' dir='ltr'>terrore·</span> <span class='ocrx_word' id='word_1_289' title='bbox 1985 2827 2168 2869; x_wconf 79' lang='lat' dir='ltr'>exer..</span> 
     </span>
     <span class='ocr_line' id='line_1_36' title="bbox 320 2884 2166 2964; baseline 0.004 -27"><span class='ocrx_word' id='word_1_290' title='bbox 320 2884 473 2939; x_wconf 86' lang='lat' dir='ltr'>citus</span> <span class='ocrx_word' id='word_1_291' title='bbox 503 2887 738 2959; x_wconf 80' lang='lat' dir='ltr'>cognito</span> <span class='ocrx_word' id='word_1_292' title='bbox 764 2896 781 2955; x_wconf 82' lang='lat'>·,</span> <span class='ocrx_word' id='word_1_293' title='bbox 834 2886 1205 2941; x_wconf 87' lang='lat' dir='ltr'>buccinatore</span> <span class='ocrx_word' id='word_1_294' title='bbox 1235 2886 1294 2941; x_wconf 90' lang='lat' dir='ltr'>in</span> <span class='ocrx_word' id='word_1_295' title='bbox 1331 2884 1539 2941; x_wconf 87' lang='lat' dir='ltr'>castris</span> <span class='ocrx_word' id='word_1_296' title='bbox 1558 2923 1577 2953; x_wconf 91' lang='lat'>,</span> <span class='ocrx_word' id='word_1_297' title='bbox 1619 2899 1680 2942; x_wconf 87' lang='lat' dir='ltr'>et</span> <span class='ocrx_word' id='word_1_298' title='bbox 1711 2888 1901 2959; x_wconf 83' lang='lat' dir='ltr'>paucis</span> <span class='ocrx_word' id='word_1_299' title='bbox 1929 2890 2002 2947; x_wconf 88' lang='lat' dir='ltr'>ad</span> <span class='ocrx_word' id='word_1_300' title='bbox 2032 2908 2166 2964; x_wconf 75' lang='lat' dir='ltr'>spe-</span> 
     </span>
     <span class='ocr_line' id='line_1_37' title="bbox 318 2962 2162 3041; baseline 0.007 -24"><span class='ocrx_word' id='word_1_301' title='bbox 318 2963 469 3017; x_wconf 87' lang='lat' dir='ltr'>ciem</span> <span class='ocrx_word' id='word_1_302' title='bbox 501 2964 883 3021; x_wconf 84' lang='lat' dir='ltr'>tabernaculis</span> <span class='ocrx_word' id='word_1_303' title='bbox 914 2966 1135 3023; x_wconf 80' lang='lat' dir='ltr'>relictis</span> <span class='ocrx_word' id='word_1_304' title='bbox 1156 3006 1177 3036; x_wconf 92' lang='lat'>,</span> <span class='ocrx_word' id='word_1_305' title='bbox 1194 2965 1269 3021; x_wconf 86' lang='lat' dir='ltr'>de</span> <span class='ocrx_word' id='word_1_306' title='bbox 1295 2966 1473 3025; x_wconf 83' lang='lat' dir='ltr'>tertia</span> <span class='ocrx_word' id='word_1_307' title='bbox 1499 2962 1706 3041; x_wconf 76' lang='lat' dir='ltr'>vigilia</span> <span class='ocrx_word' id='word_1_308' title='bbox 1723 2968 1962 3029; x_wconf 68' lang='lat' dir='ltr'>silentio</span> <span class='ocrx_word' id='word_1_309' title='bbox 1989 2986 2162 3031; x_wconf 76' lang='lat' dir='ltr'>exer-</span> 
     </span>
     <span class='ocr_line' id='line_1_38' title="bbox 314 3042 1784 3126; baseline 0.008 -29"><span class='ocrx_word' id='word_1_310' title='bbox 314 3042 501 3101; x_wconf 84' lang='lat' dir='ltr'>citum</span> <span class='ocrx_word' id='word_1_311' title='bbox 539 3044 602 3100; x_wconf 88' lang='lat' dir='ltr'>in</span> <span class='ocrx_word' id='word_1_312' title='bbox 645 3044 921 3126; x_wconf 79' lang='lat' dir='ltr'>oppidum</span> <span class='ocrx_word' id='word_1_313' title='bbox 950 3045 1195 3105; x_wconf 75' lang='lat' dir='ltr'>reducit.</span> <span class='ocrx_word' id='word_1_314' title='bbox 1772 3044 1784 3055; x_wconf 74' lang='grc'><strong>“</strong></span> 
     </span>
    </p>
   </div>
   <div class='ocr_carea' id='block_1_3' title="bbox 2364 12 2416 99">
    <p class='ocr_par' dir='ltr' id='par_1_3' title="bbox 2364 12 2416 99">
     <span class='ocr_line' id='line_1_39' title="bbox 2364 12 2416 99; baseline 0 0"><span class='ocrx_word' id='word_1_315' title='bbox 2364 14 2367 16; x_wconf 67' lang='grc'>’</span> <span class='ocrx_word' id='word_1_316' title='bbox 2411 12 2416 99; x_wconf 52' lang='lat' dir='ltr'>l</span> 
     </span>
    </p>
   </div>
  </div>
 </body>
</html>
