2459 3834
810 58 860 111 1.
886 62 913 109 1
938 60 987 111 B
1014 62 1059 111 E
1087 60 1138 111 R
1243 61 1333 111 vt
1351 60 1404 117 1.
1991 86 2128 163 195

214 146 399 202 tatem
428 136 643 195 terner'e
668 126 741 194 ad
769 140 1187 212 suscipiendum
1216 138 1426 205 bellum
1456 151 1660 207 adduci
1705 170 1868 228 posse
1911 174 2024 221 „on

211 220 589 281 confidebant.
622 217 888 290 Placuit,
916 231 978 273 ut
1009 218 1306 275 Litavicus
1352 232 1550 287 decem
1598 228 1714 290 inis
1753 238 2067 317 minibusi.

208 316 331 377 quae‘
372 300 582 357 Caesari
625 298 696 353 ad
738 298 947 353 bellu-m
998 301 1410 381 mitterentur,
1452 310 1880 390 praeficeretur,
1922 336 2026 378 at-

156 414 162 417 -
199 399 311 457 que
358 395 425 437 a
477 378 730 436 ducenda
782 388 1008 433 curaret
1049 418 1071 450 ,
1126 379 1444 461 fratresque
1477 390 1590 463 ejus
1630 394 1700 447 ad
1744 394 2027 457 Caesafcm

201 468 616 535 praecurrerent
642 472 657 513 ε
698 457 919 531 reliqua
938 498 957 529 ,
986 474 1096 533 qua
1126 460 1352 523 ratione
1380 470 1472 543 agi
1507 476 1724 543 placeat
1751 509 1771 547 ,
1798 484 2028 537 consti-
2127 546 2136 553 ,

203 554 384 597 tuunt.
445 535 745 593 Li‘tavicus
776 576 797 609 ‚
835 548 1074 610 accepto
1126 540 1382 601 exercitu
1421 588 1440 621 ,
1491 564 1616 605 cum
1669 555 1852 614 millia
1883 575 2020 633 pas·
2066 552 2142 631 38

203 637 365 677 suum
390 616 629 673 circiter
659 634 785 672 xxx.
816 617 889 673 ab
920 616 1215 691 Gergovia
1266 626 1494 693 abesam⁸
1510 665 1530 701 ,
1557 639 1892 695 convocatis
1932 658 2024 696 su.

206 696 706 768 bitomilitibns,
768 699 1128 769 lacrymans:
1185 698 1370 773 „Quo
1431 706 1885 789 proficiscimur,
1926 721 2030 775 in·-

164 782 169 788 ·
211 782 335 855 quft
357 818 376 848 ,
419 776 632 832 milites
654 770 685 832 ἓ
710 771 915 831 Omnis
946 790 1138 833 noster
1184 782 1473 854 equitatus
1496 826 1515 861 ,
1544 788 1814 850 nobilitas
1845 799 2030 856 omnis

215 858 474 916 interiit:
508 856 795 929 principes
842 854 1103 912 civitatis
1141 856 1541 939 Eporedorix,
1583 883 1643 925 et
1684 870 2032 935 Viridoma-

214 956 311 994 rus
332 933 650 993 insimulati
672 934 1061 1007 productionis
1082 929 1150 992 ab
1172 940 1471 1018 Romanis,
1493 950 1710 1005 indicta
1731 966 1918 1029 causa,
1941 960 2032 1013 in-

211 1016 445 1088 terfecti
490 1024 641 1071 sunt.
673 1015 809 1071 Haec
858 1008 929 1071 ab
979 1015 1053 1073 iis
1100 1025 1468 1099 cognoscite,
1495 1026 1593 1101 qui
1621 1046 1692 1087 ex
1720 1034 1843 1106 ipsa
1883 1040 2035 1097 caede

206 1097 489 1170 fugerunta
546 1094 703 1149 Nam
752 1110 859 1168 ego
881 1134 900 1165 ,
928 1093 1198 1165 fratribus
1220 1138 1241 1171 ‚
1281 1114 1456 1179 atque
1486 1108 1746 1169 omnibus
1789 1118 2040 1189 propin..

210 1175 337 1250 quis
390 1176 538 1231 meis
591 1174 953 1245 interfectis,
1017 1176 1217 1233 dolore
1279 1184 1584 1256 prohibeor
1617 1228 1638 1260 ‚
1705 1210 1824 1266 quae
1874 1206 2036 1271 gesta

206 1270 335 1311 sunt
361 1288 383 1327 ,
435 1253 829 1329 pronuntiare.
846 1255 887 1287 “
926 1252 1324 1317 Producuntur
1375 1264 1462 1336 ii,
1487 1281 1626 1339 quos
1659 1270 1755 1329 ille
1784 1276 2039 1331 edocue-

202 1348 295 1391 rat
318 1360 341 1407 ‚-
370 1338 491 1409 qu'ae
522 1333 645 1389 dici
674 1335 849 1386 vellet
870 1372 889 1405 ,
918 1342 1088 1407 atque
1118 1339 1314 1396 eadem
1337 1378 1356 1415 ,
1388 1360 1508 1417 quae
1550 1347 1848 1409 Litavicus
1891 1372 2038 1426 pro-

202 1416 573 1487 nuntiaverat
608 1453 627 1485 ,
694 1410 1050 1469 multitudini
1118 1434 1444 1490 exponunt:
1501 1432 1774 1497 „multos
1817 1434 2040 1506 equites

205 1492 527 1562 lEduorum
562 1491 897 1548 interfectos
916 1530 936 1563 ‚
966 1494 1117 1567 quod
1146 1503 1417 1557 collocuti
1445 1520 1572 1559 cum
1610 1507 1890 1568 Arvernls
1935 1515 2040 1567 di·-

206 1562 703 1644 cerentur3ipsos
751 1588 811 1627 se
859 1572 1013 1627 inter
1062 1579 1492 1637 multitudinem
1543 1587 1792 1645 militum
1833 1595 2040 1649 occul-

208 1662 397 1725 tasse,
449 1666 625 1727 atque
690 1667 761 1706 ex
812 1652 1000 1707 media
1030 1656 1181 1711 caede
1231 1660 1607 1736 profugisse.“
1655 1666 2040 1730 Conclamant

208 1731 383 1789 AEdu'i
407 1771 427 1804 ,
468 1746 531 1787 et
566 1727 893 1787 Litavicum
934 1732 1235 1793 obsecrant
1256 1774 1276 1811 ,
1309 1756 1371 1797 ut
1392 1738 1502 1797 sibi
1531 1753 1807 1805 consulat.
1840 1750 2042 1825 „Qua-

213 1813 260 1867 si
292 1828 427 1869 vero
446 1852 465 1881 ,
498 1812 687 1887 inquit
716 1802 821 1867 ille
844 1850 864 1882 ,
903 1810 1134 1869 consilii
1163 1814 1242 1873 sit
1272 1837 1362 1876 res
1382 1856 1402 1893 ‚
1432 1838 1502 1877 ac
1529 1838 1639 1882 non
1685 1840 1913 1885 necesse
1962 1831 2044 1887 sit

218 1890 376 1947 nobis
402 1888 765 1965 Gergoviam
812 1894 1199 1967 contendere,
1228 1912 1290 1953 et
1319 1916 1446 1956 cum
1490 1902 1768 1964 Arvernis
1820 1918 2046 1966 nosmet

181 2010 186 2015 .
221 1970 575 2049 conjungere.
608 1970 701 2024 An
732 1969 1055 2028 dubitamus
1078 2009 1098 2045 ,
1126 1977 1265 2047 quin
1291 2018 1310 2050 ,
1361 1981 1582 2041 nefario
1621 1984 1879 2055 facinore
1930 1988 2047 2052 εᾶ-

220 2050 389 2107 misso
410 2085 431 2121 ,
462 2050 731 2113 ,Romani
758 2075 764 2082 ·
788 2048 901 2123 jam
948 2052 1021 2105 ad
1078 2070 1176 2113 nos
1218 2058 1646 2121 interficiendos
1673 2058 2048 2127 concurrant?

218 2126 469 2201 Proinde
493 2164 513 2201 5
554 2129 605 2183 si
652 2128 789 2203 quid
822 2130 881 2183 in
924 2130 1085 2188 nobis
1113 2136 1291 2191 animi
1322 2152 1410 2194 est
1432 2180 1450 2210 ‚
1501 2158 1898 2219 persequamur
1939 2164 2052 2205 eo-

221 2216 347 2263 rum
394 2218 643 2267 mortem
666 2210 811 2280 ,·qui
863 2206 1263 2284 indignissime
1305 2219 1685 2280 interierunt:
1727 2239 1901 2300 atque
1945 2226 2055 2285 hot

172 2334 179 2341 ,
222 2290 473 2345 latrones
524 2286 1011 2343 interficiamus.“
1059 2288 1335 2350 Ostendit
1383 2298 1539 2357 cives
1578 2304 1865 2361 Romanos
1891 2346 1909 2377 ‚
1953 2302 2057 2380 qui.

226 2366 343 2441 ejus
372 2368 626 2441 praesidii
668 2365 876 2425 fiducia
907 2383 1017 2435 una
1064 2386 1253 2430 erant.
1295 2373 1588 2437 Continuo
1635 2398 1899 2458 magnum
1943 2404 2058 2442 nu-

230 2458 443 2503 merum
492 2448 1300 2525 fruinenti„commeatnsque
1339 2456 1590 2530 diripit,
1633 2463 1790 2535 ipsos
1842 2467 2058 2522 crude-

215 2525 365 2580 'liter
394 2524 753 2583 excruciatus
782 2526 1098 2585 interficit:
1146 2532 1376 2590 nuntios
1397 2549 1532 2593 ‘tota
1564 2541 1806 2599 civitate
1831 2544 1945 2600 AEd
1958 2562 2060 2601 uo-

232 2618 358 2659 rum
390 2604 689 2676 dimittit,
737 2605 938 2662 eodem
992 2612 1291 2669 mendacio
1348 2616 1422 2671 de
1470 2620 1622 2674 caede
1666 2624 1920 2697 equitum
1946 2626 2058 2697 ‚et

176 2734 189 2741 -
232 2687 554 2759 principum
608 2697 941 2756 permovet:
980 2687 1287 2763 hortatur,
1317 2708 1377 2749 ut
1426 2698 1604 2753 simili
1655 2703 1880 2757 ratione
1904 2735 1924 2774 ,
1956 2716 2062 2757 at·-

244 2776 353 2836 que
382 2762 505 2837 ipse·
542 2758 749 2819 fecerit
774 2804 793 2835 ,
832 2776 959 2821 suas
1008 2766 1246 2841 injurias
1287 2784 1709 2849 persequantur.
1753 2780 2062 2853 Eporedo-
2105 2792 2182 2859 39

244 2842 337 2897 rix
384 2840 603 2901 AEduus
644 2856 863 2901 summo
915 2844 1043 2903 loco
1084 2863 1249 2905 natus
1299 2854 1630 2912 adolescens
1658 2893 1678 2929 ,
1727 2872 1786 2914 et
1838 2878 2066 2919 summae

186 2960 193 2967 -
246 2918 401 2977 domi
453 2924 763 2996 potentiae,
804 2933 881 2981 et·
911 2942 1020 2981 una
1079 2929 1522 3006 Viridomarus,
1567 2939 1690 3009 pari
1737 2945 1906 2995 aeta'te
1937 2978 1956 3011 ,
2008 2954 2072 2999 et

180 3020 201 3041 κ
247 2997 477 3074 gratia,
506 3004 605 3058 sed
665 3014 873 3077 genere
938 3006 1195 3079 dispari,
1245 3025 1412 3083 quem
1451 3012 1640 3069 Caesar
1686 3018 1796 3073 sibi
1839 3018 1912 3073 ab
1948 3019 2075 3076 ‘Di-

192 3078 201 3083 “
246 3077 465 3138 vitiaco
506 3078 783 3153 tradi-tum
822 3100 895 3139 ex
944 3086 1146 3144 humili
1205 3091 1332 3143 loco
1381 3093 1452 3145 ad
1480 3106 1778 3153 ‘summam
1808 3098 2076 3172 dignita-

264 3164 375 3211 tem
408 3163 747 3231 perduxerat
770 3195 791 3231 ,
812 3162 895 3216 'in
926 3168 1181 3237 equitum
1224 3184 1458 3226 numero
1487 3189 1873 3251 convenerant
1899 3187 2076 3250 „no-

262 3234 517 3297 minutim
552 3238 626 3299 ab
653 3257 725 3299 eo
754 3243 1001 3301 evocati.
1046 3246 1157 3303 His
1193 3258 1323 3303 erat
1361 3250 1516 3309 inter
1562 3266 1624 3312 se
1651 3256 1722 3313 de
1762 3254 2070 3335 principa-³

1200 3319 1330 3385 Na
