2459 3834
439 111 590 190 532
897 81 1028 162 sne
1061 107 1309 165 necno
1340 107 1757 174 Armcmo.
2417 151 2420 188 Ι

421 193 604 250 hibiti
627 203 842 248 terram
859 192 1183 266 attingere,
1205 207 1399 246 rursus
1424 207 1487 244 se
1514 192 1577 244 in
1600 187 1876 262 oppidum
1898 201 2301 262 receperunt.
2417 189 2420 220 ³

420 273 672 330 Interim
700 270 988 344 Scipionis
1009 271 1194 343 copiis
1227 270 1531 343 prostratis
1549 310 1572 343 ,
1600 271 1921 342 passimque
1954 285 2091 326 toto
2116 289 2295 326 catn-

421 369 500 428 po
541 353 890 428 fugientibus
913 391 936 424 ,
991 351 1301 406 confestim
1341 349 1587 406 Caesaris
1637 351 1892 423 legiones
1960 353 2289 425 consequi,

419 433 781 506 spatiumque
804 447 868 487 se
904 447 1019 486 non
1045 431 1188 486 dare
1225 430 1555 504 colligendi.
1580 427 1697 503 Qui
1732 443 2030 502 postquam
2066 433 2151 484 ad
2204 449 2285 487 ea

417 525 610 568 castra.
632 553 653 584 ‚
695 529 817 585 quae
875 511 1148 583 petebant
1167 550 1188 583 ,
1217 510 1587 586 perfugerant
1606 549 1629 582 ,
1684 525 1743 564 ut
1774 511 2015 567 refectis
2043 513 2283 567 castris

414 609 608 649 rursus
635 607 760 648 sese
777 590 1154 648 defenderent
1175 611 1200 663 3
1227 599 1432 646 ducem
1455 592 1705 663 aliquem
1736 591 2065 664 requirunt,
2088 608 2279 665 quem

412 677 772 744 respicerent
793 711 812 742 ,
837 669 996 744 cujus
1017 672 1369 726 auctoritate
1381 709 1403 741 ‚
1431 670 1791 744 imperioque
1810 687 1933 724 rem
1956 670 2279 744 'gererent-

413 749 532 824 Qui
565 767 864 826 postquam
892 751 1271 806 adverterunt
1294 790 1314 821 ,
1344 751 1631 806 neminem
1662 751 1743 804 ibi
1786 767 1905 806 esse
1958 753 2275 824 praesidi0‚

411 832 675 904 protinus
699 835 760 868 ²0
789 835 966 886 armis
985 829 1224 904 abiectis
1247 870 1267 903 ,
1288 833 1348 886 in
1378 831 1539 904 regia
1558 843 1748 884 castra
1774 829 1975 904 fugere
2003 846 2273 887 conten-

410 911 574 968 dunt.
601 909 734 986 Quo
777 925 1074 985 postquam
1109 923 1487 984 pervenerunt
1516 949 1537 982 ,
1566 925 1745 984 eaque
1774 911 1845 966 ab
1874 910 2136 982 Julianis
2172 927 2273 967 te-

399 995 538 1055 ‚neri
569 993 770 1048 vident
801 1011 823 1064 3
871 992 1176 1062 desperata
1223 995 1407 1046 salute
1426 1030 1447 1061 ‚
1476 993 1541 1046 in
1568 994 1819 1065 quodam
1858 995 2007 1046 colle
2037 993 2267 1048 consi-

407 1083 567 1128 stunt
589 1111 610 1145 ‚
639 1085 813 1145 atque
851 1073 1030 1126 armis
1071 1070 1377 1142 demissis,
1422 1072 1827 1128 salutationem
1878 1087 2043 1126 more
2074 1073 2265 1128 mili...

407 1154 526 1207 tari
553 1151 792 1208 faciunt.
842 1149 1064 1223 Quibus
1095 1151 1319 1206 miseris
1360 1167 1429 1208 ea
1471 1168 1559 1206 res
1594 1168 1771 1222 parvo
1802 1151 2071 1224 praesidio
2102 1151 2253 1210 fuit.

409 1229 674 1306 Namque
699 1231 914 1286 milites
946 1231 1208 1289 veterani
1237 1233 1327 1286 ira
1344 1241 1455 1301 ‚et
1480 1229 1681 1288 dolore
1710 1230 1953 1302 incensi,
1972 1248 2093 1287 non
2118 1249 2261 1290 mo-

403 1311 481 1368 do
498 1350 520 1384 ‚
553 1325 613 1370 ut
644 1315 944 1385 parcerent
975 1311 1132 1370 hosti
1152 1351 1173 1382 ‚
1203 1329 1317 1368 non
1349 1323 1618 1384 poterant
1642 1311 1851 1368 adduci
1875 1351 1896 1382 ‚
1923 1313 2027 1366 sed
2056 1315 2257 1371 etiam

404 1407 476 1446 ex
505 1409 607 1450 suo
653 1391 909 1448 exercitu
937 1391 1188 1449 illustres
1215 1393 1459 1448 urbanos
1480 1431 1501 1462 ‚
1542 1393 1598 1426 ²1
1632 1408 1773 1466 quos
1810 1405 2079 1465 auctores
2126 1411 2254 1467 ap-

404 1473 694 1546 pellabant
717 1512 739 1544 ,
777 1476 1097 1545 complures
1145 1485 1243 1526 aut
1292 1475 1702 1542 vulnerarunt,
1748 1486 1849 1527 aut
1904 1473 2249 1530 interfece-

401 1565 538 1607 runt
567 1569 585 1608 z
646 1555 708 1608 in
757 1568 870 1626 quo
920 1567 1158 1608 numero
1215 1551 1326 1609 fuit
1366 1550 1593 1606 Tullius
1630 1551 1811 1609 Rufus
1868 1554 2249 1627 quaestoriae,

402 1629 501 1705 qui
534 1632 651 1705 pilo
681 1631 1017 1706 transjectus
1045 1635 1306 1689 consulto
1335 1647 1370 1685 a
1400 1632 1591 1686 milite
1612 1632 1859 1688 interiit.
1876 1630 2030 1686 Item
2050 1631 2247 1690 Pom-

402 1711 559 1785 pejns
589 1711 772 1769 Rufus
813 1715 870 1746 ²²
915 1712 1213 1768 brachium
1264 1710 1459 1785 gladio
1488 1727 1822 1784 percussus,
1860 1712 1973 1768 nisi
2004 1715 2245 1770 celcri-

401 1801 492 1846 ter
519 1792 593 1848 ad
615 1789 901 1852 Caesarem
940 1793 1283 1848 accurrisset
1306 1831 1327 1861 ,
1354 1791 1695 1850 interfectus
1732 1804 1902 1848 esset.
1956 1791 2096 1866 Quo
2129 1794 2243 1850 fa-

399 1883 498 1927 cto
547 1875 866 1944 complures
897 1871 1121 1944 equites
1149 1871 1441 1944 Romani,
1472 1885 1875 1948 senatoresque
1920 1877 2237 1946 perterriti

399 1963 470 2006 ex
501 1952 696 2020 praelio
727 1968 784 2004 se
817 1963 1153 2022 receperunt
1184 1990 1204 2021 ,
1255 1967 1325 2006 ne
1372 1968 1407 2005 a
1466 1953 1747 2007 militibus
1768 1991 1788 2022 ,
1818 1953 1915 2025 qui
1956 1969 2031 2008 ex
2062 1968 2237 2011 tanta

397 2029 649 2084 victoria
680 2029 974 2083 licentiam
1017 2025 1130 2084 sibi
1177 2032 1614 2103 assumpsissent
1663 2033 2042 2088 immoderate
2072 2051 2233 2108 pec-

397 2107 565 2162 candi
587 2147 610 2180 ,
657 2109 1006 2182 impunitate
1071 2121 1307 2184 propter
1354 2113 1631 2166 maximas
1674 2129 1765 2167 res
1830 2125 2019 2186 gestas
2043 2154 2064 2185 ‚
2110 2116 2233 2188 ipsi

397 2203 618 2263 quoque
663 2186 1147 2246 interficerentur.
1196 2189 1398 2264 Itaque
1436 2192 1483 2246 ii
1512 2207 1707 2248 omnes
1736 2190 2025 2265 Scipionis
2062 2196 2231 2250 mili-

397 2279 486 2324 tes
506 2309 525 2340 ,
580 2284 707 2325 cum
757 2267 931 2326 fidem
961 2267 1204 2326 Caesaris
1255 2272 1633 2342 implorarent
1655 2311 1675 2342 ,
1705 2272 2067 2346 inspectante
2096 2276 2227 2348 ipso

397 2345 662 2421 Caesare,
691 2363 753 2406 et
801 2367 836 2405 a
865 2350 1162 2418 ,militibus
1209 2351 1557 2423 deprecante
1578 2391 1601 2424 ,
1640 2353 1726 2406 eis
1760 2352 1845 2408 uti
1890 2369 2232 2428 parcerent,

281 2443 360 2502 36
398 2429 468 2482 ad
503 2447 672 2484 unum
701 2442 834 2486 sunt
861 2431 1177 2486 interfecti.
1207 2429 1399 2486 Caesar
1432 2433 1603 2488 trinis
1630 2433 1839 2489 castris
1860 2432 2101 2506 potitus,
2122 2453 2227 2496 oc-

399 2508 645 2582 cisisque
693 2511 946 2565 hostium
986 2527 1041 2566 x.
1094 2512 1388 2582 millibus,
1438 2511 1763 2588 fugatisque
1795 2515 2225 2587 ‹compluribus,

395 2603 458 2642 se
486 2589 706 2662 recepit
735 2628 756 2660 ‚
805 2609 853 2643 1..
908 2588 1194 2646 militibus
1224 2591 1450 2647 amissis
1478 2632 1498 2663 ,
1530 2593 1724 2665 paucis
1754 2594 2003 2664 sauciis,
2032 2595 2093 2648 in
2126 2613 2227 2652 ca-

395 2681 551 2726 stra:
587 2686 655 2724 ac
695 2669 896 2724 statim
925 2685 996 2724 ex
1030 2670 1243 2726 itinere
1272 2687 1409 2726 ante
1448 2673 1723 2746 oppidum
1746 2671 2041 2746 Thapsum
2068 2691 2227 2732 con-

394 2749 594 2822 stitit,
653 2751 1102 2824 elephantosque
1141 2768 1292 2806 mv.
1352 2767 1625 2826 ornatos,
1676 2767 2043 2829 armatosque
2086 2772 2225 2814 cum

1530 2891 1543 2920 i

459 2943 531 2980 20
591 2938 757 2981 Armis
784 2935 1040 2996 abjectis.)
1067 2938 1180 2983 Non
1213 2947 1278 2983 ο·-
1342 2943 1545 2985 ctutum
1582 2937 1696 2986 luco
1728 2940 1956 2990 fautores
2027 2939 2223 2990 substi-

392 2995 596 3044 mnibus
620 3033 634 3056 ,
655 2999 744 3046 sed
771 3011 886 3058 quae
903 2997 1277 3058 impedimento
1342 3000 1443 3046 tuit
1467 3035 1482 3060 ,
1530 3009 1651 3062 puta
1679 3035 1695 3060 ,
1736 3015 1902 3050 causae
1946 3005 2218 3064 Pompejass

391 3058 526 3117 fugae
548 3071 710 3120 erant,
729 3071 872 3108 scuto
893 3063 1136 3122 maxime,
1151 3075 1273 3110 nam
1340 3075 1433 3110 nae.
1465 3067 1565 3112 Aut
1603 3073 1823 3112 auctores
1860 3079 2033 3112 rerum
2069 3067 2220 3115 intel-

389 3123 624 3181 sequitur
651 3123 789 3172 illico
818 3140 832 3171 :
871 3130 1021 3171 armis
1049 3131 1273 3173 demissis
1335 3127 1439 3186 lige
1459 3163 1473 3186 ,
1508 3139 1623 3188 quae
1654 3127 1906 3178 militibus
1935 3131 2221 3189 displicue-

388 3190 728 3234 salutationem
749 3190 958 3240 faciunt.
1336 3199 1467 3237 rant.

449 3257 514 3294 21
591 3255 723 3306 ,Quos
783 3261 1002 3298 auctores
1072 3259 1267 3311 apella-
1394 3265 1465 3302 η
1526 3257 1777 3302 Brachium
1812 3259 1975 3316 gladio
2006 3269 2217 3314 percur-

383 3309 516 3356 bant.
539 3311 562 3366 “)
598 3311 795 3371 Lipsius
829 3325 966 3375 πρε
987 3314 1125 3366 dicto
1143 3322 1266 3366 Ele-
1331 3319 1467 3374 sus.)
1491 3318 1621 3367 Vide
1640 3332 1793 3379 supra
1818 3335 1863 3368 c.
1877 3333 1960 3380 30.
1984 3329 2104 3370 sect.
2131 3326 2217 3382 ?3⁴

875 3469 933 3526 Ι
