2459 3834
882 155 1031 208 Lm.
1070 156 1142 207 Α.
1192 154 1465 210 mni-n.
1915 155 2076 231 439

255 253 462 314 magna
488 233 697 295 Caesari
740 237 1003 311 praesidia
1022 278 1044 309 ,
1074 238 1339 294 terrestri
1389 238 1642 310 itinere,
1671 232 1846 311 Syria
1875 276 1896 313 ,
1951 235 2071 291 Ci-

250 320 503 393 liciaque
542 317 795 373 adduci:
836 316 983 389 quod
1038 318 1290 375 nundum
1330 314 1550 375 Caesari
1605 318 1865 373 auditum
1917 329 2069 374 erat:

248 397 476 455 interea
518 410 937 468 commeatum,
974 397 1069 470 qui
1130 396 1342 452 nostris
1402 397 1550 455 mari
1605 396 2068 470 supportabatur,

250 478 603 550 intercipere
630 488 972 532 statuerunt.
1023 475 1223 550 Itaque
1267 477 1554 545 expeditis
1600 476 1889 550 narigiis,
1931 478 2076 535 locis

252 556 481 613 idoneis
532 558 589 604 35
635 557 707 611 ad
734 552 1033 625 Canopum
1073 557 1133 610 in
1184 556 1440 612 statione
1469 557 1767 628 dispositis
1811 556 2076 629 navibus,

248 636 677 692 insidiabantur
734 634 945 695 nostris
997 634 1428 693 commeatibus.
1489 634 1658 709 Quod
1723 636 1817 691 ubi
1855 632 2078 715 Caesari

254 717 585 771 nuntiatum
614 727 703 769 est
725 754 745 785 ,
790 717 1029 769 classem
1056 715 1213 787 jubet
1252 714 1516 787 expediri
1550 754 1571 787 ,
1619 728 1794 789 atquo
1839 716 2073 772 instrui.

254 792 578 850 Praeflcitur
610 790 668 837 ³⁶
696 793 769 848 T.
798 793 975 849 Nero.
1006 792 1454 855 Proficiseuntnr
1479 794 1540 852 in
1587 810 1656 851 ea
1697 798 1876 853 classe
1895 796 2076 855 Rho-

261 874 372 929 diae
400 892 609 940 naves,
648 889 820 946 atque
863 874 923 928 in
958 873 1048 929 his
1089 875 1146 916 ³⁷
1187 873 1576 946 Euphranor,
1617 875 1741 930 sine
1770 890 1883 948 quo
1923 878 2075 933 nulla

260 960 503 1027 uinquam
524 954 834 1015 'dimicatio
862 952 1155 1009 maritima
1189 970 1384 1025 parum
1415 954 1593 1009 etiam
1635 953 1887 1009 feliciter
1922 971 2076 1009 con-

254 1032 407 1089 fecta
444 1045 587 1091 erat.
619 1034 702 1088 At
730 1032 961 1089 fortuna
992 1071 1011 1100 ,
1057 1048 1177 1105 quae
1228 1036 1555 1107 plerumque
1597 1050 1736 1106 eos,
1765 1051 1906 1108 quos
1938 1037 2078 1106 plu-

253 1114 421 1168 rimis
470 1111 763 1171 benefieiis
816 1111 1046 1169 ornavit
1076 1150 1095 1182 ,
1137 1110 1209 1165 ad
1250 1113 1542 1173 duriorem
1569 1129 1762 1169 casum
1794 1126 2076 1187 reservat,

251 1193 608 1264 superiorum
639 1206 959 1264 temporum
1001 1190 1338 1262 dimissiiis,
1375 1190 1812 1266 Euphranorem
1869 1210 2077 1265 perse-

248 1272 548 1345 quebatur.
594 1270 749 1327 Nam
778 1288 909 1325 cum
942 1268 1015 1325 ad
1044 1266 1341 1341 Canopum
1371 1285 1606 1329 ventum
1636 1286 1830 1345 esset3
1859 1274 2074 1331 instru-

250 1364 458 1423 ctaque
507 1352 773 1425 utrinque
800 1350 1001 1405 classis
1048 1349 1401 1407 conflixisset
1429 1390 1451 1421 ‚
1477 1363 1540 1408 et
1569 1368 1668 1407 sua
1695 1354 2074 1411 consuetudi-

252 1447 327 1486 ne
358 1431 697 1501 Euphranor
748 1430 963 1502 primus
992 1430 1244 1500 praeiium
1271 1431 1653 1487 commisisset
1676 1471 1696 1504 ,
1723 1445 1784 1486 et
1813 1432 1938 1488 illic
1960 1434 2072 1488 tri-

254 1526 470 1565 remem
496 1510 745 1567 hostium
777 1509 1116 1582 perforasset
1139 1548 1158 1579 ‚
1199 1524 1268 1562 ac
1297 1509 1660 1567 demersisset
1688 1531 1710 1581 3
1749 1513 2072 1584 proximam

250 1590 475 1663 longius
526 1591 813 1649 insecutus
843 1628 863 1659 ,
914 1584 1109 1660 parum
1170 1588 1440 1643 celeriter
1491 1589 1916 1663 insequentibus
1968 1610 2072 1647 re-

249 1669 426 1741 liquis
455 1709 474 1740 ,
524 1670 945 1725 circumventus
987 1668 1059 1723 ab
1101 1665 1510 1723 Alexandrinis
1549 1682 1638 1725 est
1668 1709 1688 1740 ,
1736 1670 1826 1725 cui
1876 1671 2072 1726 subsi-

246 1749 407 1803 dium
452 1764 619 1803 nemo
648 1747 827 1803 tulit:
868 1748 990 1801 sive
1032 1747 1181 1817 quod
1232 1746 1294 1801 in
1325 1748 1455 1820 ipso
1489 1748 1632 1803 satis
1674 1748 1923 1822 praesidii
1969 1766 2074 1822 pro

247 1828 472 1882 virtute
501 1867 521 1898 ,
569 1844 639 1881 ae
677 1827 961 1885 felicitate
1008 1826 1123 1901 ejus
1174 1839 1443 1897 putarent
1504 1842 1626 1883 esse
1656 1866 1677 1897 ,
1739 1828 1862 1883 sive
1917 1831 2072 1902 quod

248 1906 365 1977 ipsi
410 1906 707 1963 timebant.
752 1905 954 1977 Itaque
996 1921 1133 1959 unus
1182 1922 1254 1961 ex
1311 1906 1573 1963 omnibus
1612 1922 1682 1963 oo
1733 1908 1930 1979 prelio
1971 1909 2073 1965 be-

249 2001 325 2039 ne
391 2002 512 2041 rem
576 1985 751 2061 gessit
779 2024 800 2057 ‚
846 1987 999 2043 solus
1068 1997 1199 2039 eum
1249 2002 1350 2043 sua
1416 1986 1770 2059 quadriremi
1830 1988 2074 2047 victrice

250 2064 452 2139 periit.

320 2270 387 2320 35
451 2264 528 2309 Aa
552 2258 841 2319 Canopum.)
870 2258 1129 2319 oppidum
1194 2260 1378 2307 ratoris
1429 2260 1616 2309 'riberii
1642 2296 1660 2320 ,
1711 2260 1802 2322 qui
1847 2267 2076 2325 Augusto

252 2324 462 2383 AEgypti
489 2325 810 2371 maritimum
845 2322 909 2369 ad
940 2320 1047 2369 Nili
1074 2335 1132 2368 ο-
1193 2323 1449 2371 successit.
1490 2326 1689 2371 sueton.
1733 2324 1784 2373 in
1832 2326 1934 2383 ejus
1964 2330 2076 2379 vita

253 2386 429 2444 stium,
448 2387 583 2447 quod
608 2386 725 2433 inde
740 2388 1011 2443 Canopicum
1032 2385 1131 2431 de·
1192 2398 1237 2431 c.
1259 2400 1312 2445 4.
1335 2392 1490 2433 Pater
1513 2388 1688 2435 Tiberii
1717 2422 1732 2445 ‚
1770 2402 1978 2448 qua-seor
2019 2400 2074 2442 c.

252 2450 551 2497 nominatur
572 2484 585 2505 ,
614 2462 732 2497 cxx.
761 2447 939 2497 stadiis
969 2446 1018 2491 in
1038 2460 1131 2493 or·
1193 2453 1435 2507 cesaris,
1462 2452 1787 2498 Alexandrino
1805 2457 1922 2502 bello
1937 2460 2074 2503 clas-

252 2520 365 2559 tum
412 2513 476 2559 ab
510 2510 835 2559 Alexandria.
886 2508 1131 2559 scribitur
1193 2515 1238 2557 si
1265 2514 1561 2569 prepositus
1581 2547 1595 2570 ,
1627 2517 1883 2569 plurimum
1901 2520 1963 2566 ad
1987 2524 2074 2567 vi-

256 2576 507 2631 Κάνωπος
530 2609 545 2627 ,
578 2582 629 2621 et
660 2570 899 2629 Κάνωβος
921 2608 937 2630 ‚
979 2578 1127 2620 Cano·
1192 2578 1392 2621 curiam
1415 2580 1634 2623 contulit.

250 2648 349 2695 pus
404 2646 455 2684 et
505 2640 735 2685 Canobus.
778 2634 907 2681 Vide
951 2634 1127 2695 Steph.
1257 2650 1322 2693 37
1390 2641 1734 2695 Euphranor.)
1761 2638 1891 2691 vide
1921 2656 2080 2707 Supra

249 2700 460 2759 Byzant.
755 2760 765 2765 ι
954 2758 967 2769 ·
1188 2710 1304 2761 cap.
1325 2710 1377 2761 5.
1407 2708 1527 2749 sect.
1555 2710 1639 2762 ις.
1681 2714 1760 2763 pr.

315 2762 382 2821 36
445 2766 501 2810 T.
528 2761 725 2817 Nero.)
752 2763 922 2821 3Pater
952 2770 1125 2821 impe·
